@preamble{
   "\def\cprime{$'$} "
}

@article {Adem,
    AUTHOR = {Adem, Jos{\'e}},
     TITLE = {The iteration of the {S}teenrod squares in algebraic topology},
   JOURNAL = {Proc. Nat. Acad. Sci. U. S. A.},
  FJOURNAL = {Proceedings of the National Academy of Sciences of the United
              States of America},
    VOLUME = {38},
      YEAR = {1952},
     PAGES = {720--726},
      ISSN = {0027-8424},
   MRCLASS = {56.0X},
  MRNUMBER = {0050278 (14,306e)},
MRREVIEWER = {W. S. Massey},
}

@article {Ahlgren,
    AUTHOR = {Ahlgren, Scott},
     TITLE = {The theta-operator and the divisors of modular forms on genus
              zero subgroups},
   JOURNAL = {Math. Res. Lett.},
  FJOURNAL = {Mathematical Research Letters},
    VOLUME = {10},
      YEAR = {2003},
    NUMBER = {5-6},
     PAGES = {787--798},
      ISSN = {1073-2780},
   MRCLASS = {11F11 (11F25)},
  MRNUMBER = {2024734 (2004m:11059)},
MRREVIEWER = {Jan Hendrik Bruinier},
       DOI = {10.4310/MRL.2003.v10.n6.a6},
       URL = {http://dx.doi.org/10.4310/MRL.2003.v10.n6.a6},
}

@article {Ando95,
    AUTHOR = {Ando, Matthew},
     TITLE = {Isogenies of formal group laws and power operations in the
              cohomology theories {$E\sb n$}},
   JOURNAL = {Duke Math. J.},
  FJOURNAL = {Duke Mathematical Journal},
    VOLUME = {79},
      YEAR = {1995},
    NUMBER = {2},
     PAGES = {423--485},
      ISSN = {0012-7094},
     CODEN = {DUMJAO},
   MRCLASS = {55N22 (14L05)},
  MRNUMBER = {1344767 (97a:55006)},
MRREVIEWER = {P. S. Landweber},
       DOI = {10.1215/S0012-7094-95-07911-3},
       URL = {http://dx.doi.org/10.1215/S0012-7094-95-07911-3},
}

@unpublished {koandtmf,
    AUTHOR = {Ando, Matthew and Hopkins, Michael J. and Rezk, Charles},
     TITLE = {Multiplicative orientations of {$KO$}-theory and the spectrum of topological modular forms},
}

@article {AHS01,
    AUTHOR = {Ando, M. and Hopkins, M. J. and Strickland, N. P.},
     TITLE = {Elliptic spectra, the {W}itten genus and the theorem of the
              cube},
   JOURNAL = {Invent. Math.},
  FJOURNAL = {Inventiones Mathematicae},
    VOLUME = {146},
      YEAR = {2001},
    NUMBER = {3},
     PAGES = {595--687},
      ISSN = {0020-9910},
     CODEN = {INVMBH},
   MRCLASS = {55N34 (14H52 58J26)},
  MRNUMBER = {1869850 (2002g:55009)},
MRREVIEWER = {Mark Hovey},
       DOI = {10.1007/s002220100175},
       URL = {http://dx.doi.org/10.1007/s002220100175},
}

@article {AHS04,
    AUTHOR = {Ando, Matthew and Hopkins, Michael J. and Strickland, Neil P.},
     TITLE = {The sigma orientation is an {$H\sb \infty$} map},
   JOURNAL = {Amer. J. Math.},
  FJOURNAL = {American Journal of Mathematics},
    VOLUME = {126},
      YEAR = {2004},
    NUMBER = {2},
     PAGES = {247--334},
      ISSN = {0002-9327},
     CODEN = {AJMAAN},
   MRCLASS = {55N34 (55P42 55P43)},
  MRNUMBER = {2045503 (2005d:55009)},
MRREVIEWER = {Paul G. Goerss},
       URL =
              {http://muse.jhu.edu/journals/american_journal_of_mathematics/v126/126.2ando.pdf},
}

@article {AtkinLehner,
    AUTHOR = {Atkin, A. O. L. and Lehner, J.},
     TITLE = {Hecke operators on {$\Gamma \sb{0}(m)$}},
   JOURNAL = {Math. Ann.},
  FJOURNAL = {Mathematische Annalen},
    VOLUME = {185},
      YEAR = {1970},
     PAGES = {134--160},
      ISSN = {0025-5831},
   MRCLASS = {10.20},
  MRNUMBER = {0268123 (42 \#3022)},
MRREVIEWER = {R. A. Rankin},
}

@incollection {Baker89,
    AUTHOR = {Baker, Andrew},
     TITLE = {Elliptic cohomology, {$p$}-adic modular forms and {A}tkin's
              operator {$U\sb p$}},
 BOOKTITLE = {Algebraic topology ({E}vanston, {IL}, 1988)},
    SERIES = {Contemp. Math.},
    VOLUME = {96},
     PAGES = {33--38},
 PUBLISHER = {Amer. Math. Soc., Providence, RI},
      YEAR = {1989},
   MRCLASS = {55N22 (11F12 11F85 11G16 55N20)},
  MRNUMBER = {1022672 (90i:55007)},
MRREVIEWER = {P. S. Landweber},
       DOI = {10.1090/conm/096/1022672},
       URL = {http://dx.doi.org/10.1090/conm/096/1022672},
}

@article {Baker90,
    AUTHOR = {Baker, Andrew},
     TITLE = {Hecke operators as operations in elliptic cohomology},
   JOURNAL = {J. Pure Appl. Algebra},
  FJOURNAL = {Journal of Pure and Applied Algebra},
    VOLUME = {63},
      YEAR = {1990},
    NUMBER = {1},
     PAGES = {1--11},
      ISSN = {0022-4049},
     CODEN = {JPAAA2},
   MRCLASS = {55N35 (11F25 55S25)},
  MRNUMBER = {1037690 (91m:55005)},
MRREVIEWER = {A. A. Ranicki},
       DOI = {10.1016/0022-4049(90)90052-J},
       URL = {http://dx.doi.org/10.1016/0022-4049(90)90052-J},
}

@unpublished {tmf5,
    AUTHOR = {Behrens, Mark and Ormsby, Kyle},
     TITLE = {On the homotopy of {$Q(3)$} and {$Q(5)$} at the prime 2},
     ARXIV = {1211.0076},
}

@unpublished {BOSS,
    AUTHOR = {Behrens, M. and Ormsby, K. and Stapleton, N. and Stojanoska, V.},
     TITLE = {On the ring of cooperations for 2-primary connective topological modular forms},
     ARXIV = {1501.01050},
}

@article {BruinierOno,
    AUTHOR = {Bruinier, Jan H. and Ono, Ken},
     TITLE = {The arithmetic of {B}orcherds' exponents},
   JOURNAL = {Math. Ann.},
  FJOURNAL = {Mathematische Annalen},
    VOLUME = {327},
      YEAR = {2003},
    NUMBER = {2},
     PAGES = {293--303},
      ISSN = {0025-5831},
     CODEN = {MAANA},
   MRCLASS = {11F33 (11F11 11F30)},
  MRNUMBER = {2015071 (2005b:11055)},
MRREVIEWER = {Rainer Schulze-Pillot},
       DOI = {10.1007/s00208-003-0452-7},
       URL = {http://dx.doi.org/10.1007/s00208-003-0452-7},
}

@article {BKO,
    AUTHOR = {Bruinier, Jan H. and Kohnen, Winfried and Ono, Ken},
     TITLE = {The arithmetic of the values of modular functions and the
              divisors of modular forms},
   JOURNAL = {Compos. Math.},
  FJOURNAL = {Compositio Mathematica},
    VOLUME = {140},
      YEAR = {2004},
    NUMBER = {3},
     PAGES = {552--566},
      ISSN = {0010-437X},
   MRCLASS = {11F03 (11F11 11F33)},
  MRNUMBER = {2041768 (2005h:11083)},
MRREVIEWER = {Matthew G. Boylan},
       DOI = {10.1112/S0010437X03000721},
       URL = {http://dx.doi.org/10.1112/S0010437X03000721},
}

@book {H_infty,
    AUTHOR = {Bruner, R. R. and May, J. P. and McClure, J. E. and
              Steinberger, M.},
     TITLE = {{$H\sb \infty $} ring spectra and their applications},
    SERIES = {Lecture Notes in Mathematics},
    VOLUME = {1176},
 PUBLISHER = {Springer-Verlag, Berlin},
      YEAR = {1986},
     PAGES = {viii+388},
      ISBN = {3-540-16434-0},
   MRCLASS = {55-02 (55P42 55Sxx)},
  MRNUMBER = {836132 (88e:55001)},
MRREVIEWER = {Haynes R. Miller},
}

@article {Cartan,
    AUTHOR = {Cartan, Henri},
     TITLE = {Sur les groupes d'{E}ilenberg-{M}ac {L}ane. {II}},
   JOURNAL = {Proc. Nat. Acad. Sci. U. S. A.},
  FJOURNAL = {Proceedings of the National Academy of Sciences of the United
              States of America},
    VOLUME = {40},
      YEAR = {1954},
     PAGES = {704--707},
      ISSN = {0027-8424},
   MRCLASS = {56.0X},
  MRNUMBER = {0065161 (16,390b)},
MRREVIEWER = {P. J. Hilton},
}

@article {Choi,
    AUTHOR = {Choi, D.},
     TITLE = {On values of a modular form on {$\Gamma\sb 0(N)$}},
   JOURNAL = {Acta Arith.},
  FJOURNAL = {Acta Arithmetica},
    VOLUME = {121},
      YEAR = {2006},
    NUMBER = {4},
     PAGES = {299--311},
      ISSN = {0065-1036},
     CODEN = {AARIA9},
   MRCLASS = {11F11 (11F33)},
  MRNUMBER = {2224397 (2006m:11051)},
MRREVIEWER = {Matthew G. Boylan},
       DOI = {10.4064/aa121-4-1},
       URL = {http://dx.doi.org/10.4064/aa121-4-1},
}

@book {Cox,
    AUTHOR = {Cox, David A.},
     TITLE = {Primes of the form {$x\sp 2 + ny\sp 2$}},
    SERIES = {Pure and Applied Mathematics (Hoboken)},
   EDITION = {Second},
      NOTE = {Fermat, class field theory, and complex multiplication},
 PUBLISHER = {John Wiley \& Sons, Inc., Hoboken, NJ},
      YEAR = {2013},
     PAGES = {xviii+356},
      ISBN = {978-1-118-39018-4},
   MRCLASS = {11A41 (11F11 11R11 11R16 11R18 11R37 11Y11)},
  MRNUMBER = {3236783},
MRREVIEWER = {Michael C. Berg},
       DOI = {10.1002/9781118400722},
       URL = {http://dx.doi.org/10.1002/9781118400722},
}

@article {DongLiMason,
    AUTHOR = {Dong, Chongying and Li, Haisheng and Mason, Geoffrey},
     TITLE = {Modular-invariance of trace functions in orbifold theory and
              generalized {M}oonshine},
   JOURNAL = {Comm. Math. Phys.},
  FJOURNAL = {Communications in Mathematical Physics},
    VOLUME = {214},
      YEAR = {2000},
    NUMBER = {1},
     PAGES = {1--56},
      ISSN = {0010-3616},
     CODEN = {CMPHAY},
   MRCLASS = {17B69 (11F22)},
  MRNUMBER = {1794264 (2001k:17043)},
MRREVIEWER = {Vassily Gorbounov},
       DOI = {10.1007/s002200000242},
       URL = {http://dx.doi.org/10.1007/s002200000242},
}

@article {DumasRoyer,
    AUTHOR = {Dumas, Fran{\c{c}}ois and Royer, Emmanuel},
     TITLE = {Poisson structures and star products on quasimodular forms},
   JOURNAL = {Algebra Number Theory},
  FJOURNAL = {Algebra \& Number Theory},
    VOLUME = {8},
      YEAR = {2014},
    NUMBER = {5},
     PAGES = {1127--1149},
      ISSN = {1937-0652},
   MRCLASS = {17B63 (11F25 16W25)},
  MRNUMBER = {3263138},
       DOI = {10.2140/ant.2014.8.1127},
       URL = {http://dx.doi.org/10.2140/ant.2014.8.1127},
}

@incollection {Funke,
    AUTHOR = {Funke, Jens},
     TITLE = {C{M} points and weight 3/2 modular forms},
 BOOKTITLE = {Analytic number theory},
    SERIES = {Clay Math. Proc.},
    VOLUME = {7},
     PAGES = {107--127},
 PUBLISHER = {Amer. Math. Soc., Providence, RI},
      YEAR = {2007},
   MRCLASS = {11F37 (11F11 11F27)},
  MRNUMBER = {2362196 (2008j:11054)},
MRREVIEWER = {Matthew G. Boylan},
}

@unpublished {stringy,
    AUTHOR = {Ganter, Nora},
     TITLE = {Stringy power operations in {T}ate {$K$}-theory},
     ARXIV = {math/0701565},
}

@incollection {moonshine,
    AUTHOR = {Ganter, Nora},
     TITLE = {Hecke operators in equivariant elliptic cohomology and
              generalized {M}oonshine},
 BOOKTITLE = {Groups and symmetries},
    SERIES = {CRM Proc. Lecture Notes},
    VOLUME = {47},
     PAGES = {173--209},
 PUBLISHER = {Amer. Math. Soc., Providence, RI},
      YEAR = {2009},
   MRCLASS = {55N34 (11F22 11F25 20D08 58J26)},
  MRNUMBER = {2500561 (2011j:55012)},
MRREVIEWER = {Andrew J. Baker},
}

@article {orbifold,
    AUTHOR = {Ganter, Nora},
     TITLE = {Power operations in orbifold {T}ate {$K$}-theory},
   JOURNAL = {Homology Homotopy Appl.},
  FJOURNAL = {Homology, Homotopy and Applications},
    VOLUME = {15},
      YEAR = {2013},
    NUMBER = {1},
     PAGES = {313--342},
      ISSN = {1532-0073},
   MRCLASS = {19L47},
  MRNUMBER = {3079210},
MRREVIEWER = {Thomas Schick},
       DOI = {10.4310/HHA.2013.v15.n1.a16},
       URL = {http://dx.doi.org/10.4310/HHA.2013.v15.n1.a16},
}

@unpublished {Getz,
    AUTHOR = {Getz, Jayce},
     TITLE = {Classical and {$p$}-adic modular forms arising from the {B}orcherds exponents of other modular forms},
}

@incollection {GH,
    AUTHOR = {Goerss, P. G. and Hopkins, M. J.},
     TITLE = {Moduli spaces of commutative ring spectra},
 BOOKTITLE = {Structured ring spectra},
    SERIES = {London Math. Soc. Lecture Note Ser.},
    VOLUME = {315},
     PAGES = {151--200},
 PUBLISHER = {Cambridge Univ. Press, Cambridge},
      YEAR = {2004},
   MRCLASS = {55P43},
  MRNUMBER = {2125040 (2006b:55010)},
MRREVIEWER = {Birgit Richter},
       DOI = {10.1017/CBO9780511529955.009},
       URL = {http://dx.doi.org/10.1017/CBO9780511529955.009},
}

@unpublished {logetaletmf,
    AUTHOR = {Hill, Michael and Lawson, Tyler},
     TITLE = {Topological modular forms with level structure},
     ARXIV = {1312.7394},
}

@incollection {prospects,
    AUTHOR = {Hirzebruch, F.},
     TITLE = {The signature theorem: reminiscences and recreation},
 BOOKTITLE = {Prospects in mathematics ({P}roc. {S}ympos., {P}rinceton
              {U}niv., {P}rinceton, {N}.{J}., 1970)},
     PAGES = {3--31. Ann. of Math. Studies, No. 70},
 PUBLISHER = {Princeton Univ. Press, Princeton, N.J.},
      YEAR = {1971},
   MRCLASS = {57D20 (57E15)},
  MRNUMBER = {0368023 (51 \#4265)},
MRREVIEWER = {D. Zagier},
}

@article {HoveyStrickland,
    AUTHOR = {Hovey, Mark and Strickland, Neil P.},
     TITLE = {Morava {$K$}-theories and localisation},
   JOURNAL = {Mem. Amer. Math. Soc.},
  FJOURNAL = {Memoirs of the American Mathematical Society},
    VOLUME = {139},
      YEAR = {1999},
    NUMBER = {666},
     PAGES = {viii+100},
      ISSN = {0065-9266},
     CODEN = {MAMCAU},
   MRCLASS = {55P60 (55N22 55P42 55T15)},
  MRNUMBER = {1601906 (99b:55017)},
MRREVIEWER = {J. P. C. Greenlees},
       DOI = {10.1090/memo/0666},
       URL = {http://dx.doi.org/10.1090/memo/0666},
}

@incollection {padicprop,
    AUTHOR = {Katz, Nicholas M.},
     TITLE = {{$p$}-adic properties of modular schemes and modular forms},
 BOOKTITLE = {Modular functions of one variable, {III} ({P}roc. {I}nternat.
              {S}ummer {S}chool, {U}niv. {A}ntwerp, {A}ntwerp, 1972)},
     PAGES = {69--190. Lecture Notes in Mathematics, Vol. 350},
 PUBLISHER = {Springer, Berlin},
      YEAR = {1973},
   MRCLASS = {10D15 (14D20)},
  MRNUMBER = {0447119 (56 \#5434)},
MRREVIEWER = {V. V. Sokurov},
}

@article {padicinterp,
    AUTHOR = {Katz, Nicholas M.},
     TITLE = {{$p$}-adic interpolation of real analytic {E}isenstein series},
   JOURNAL = {Ann. of Math. (2)},
  FJOURNAL = {Annals of Mathematics. Second Series},
    VOLUME = {104},
      YEAR = {1976},
    NUMBER = {3},
     PAGES = {459--571},
      ISSN = {0003-486X},
   MRCLASS = {14G10 (10D25)},
  MRNUMBER = {0506271 (58 \#22071)},
MRREVIEWER = {V. V. Sokurov},
}

@book {KM,
    AUTHOR = {Katz, Nicholas M. and Mazur, Barry},
     TITLE = {Arithmetic moduli of elliptic curves},
    SERIES = {Annals of Mathematics Studies},
    VOLUME = {108},
 PUBLISHER = {Princeton University Press, Princeton, NJ},
      YEAR = {1985},
     PAGES = {xiv+514},
      ISBN = {0-691-08349-5; 0-691-08352-5},
   MRCLASS = {11G05 (11F11 14G25 14K15)},
  MRNUMBER = {772569 (86i:11024)},
MRREVIEWER = {Kenneth A. Ribet},
}

@article {KnoppMason,
    AUTHOR = {Knopp, Marvin and Mason, Geoffrey},
     TITLE = {Logarithmic vector-valued modular forms},
   JOURNAL = {Acta Arith.},
  FJOURNAL = {Acta Arithmetica},
    VOLUME = {147},
      YEAR = {2011},
    NUMBER = {3},
     PAGES = {261--262},
      ISSN = {0065-1036},
     CODEN = {AARIA9},
   MRCLASS = {11F11},
  MRNUMBER = {2773205 (2012c:11094)},
MRREVIEWER = {Thomas R. Shemanske},
       DOI = {10.4064/aa147-3-6},
       URL = {http://dx.doi.org/10.4064/aa147-3-6},
}

@book {padic,
    AUTHOR = {Koblitz, Neal},
     TITLE = {{$p$}-adic numbers, {$p$}-adic analysis, and zeta-functions},
    SERIES = {Graduate Texts in Mathematics},
    VOLUME = {58},
   EDITION = {Second},
 PUBLISHER = {Springer-Verlag, New York},
      YEAR = {1984},
     PAGES = {xii+150},
      ISBN = {0-387-96017-1},
   MRCLASS = {11Q25 (11S80)},
  MRNUMBER = {754003 (86c:11086)},
       DOI = {10.1007/978-1-4612-1112-9},
       URL = {http://dx.doi.org/10.1007/978-1-4612-1112-9},
}

@book {KubertLang,
    AUTHOR = {Kubert, Daniel S. and Lang, Serge},
     TITLE = {Modular units},
    SERIES = {Grundlehren der Mathematischen Wissenschaften [Fundamental
              Principles of Mathematical Science]},
    VOLUME = {244},
 PUBLISHER = {Springer-Verlag, New York-Berlin},
      YEAR = {1981},
     PAGES = {xiii+358},
      ISBN = {0-387-90517-0},
   MRCLASS = {12A45 (10D05 14G25)},
  MRNUMBER = {648603 (84h:12009)},
MRREVIEWER = {Roland Gillard},
}

@article {level3II,
    AUTHOR = {Lawson, Tyler and Naumann, Niko},
     TITLE = {Strictly commutative realizations of diagrams over the
              {S}teenrod algebra and topological modular forms at the prime
              2},
   JOURNAL = {Int. Math. Res. Not. IMRN},
  FJOURNAL = {International Mathematics Research Notices. IMRN},
      YEAR = {2014},
    NUMBER = {10},
     PAGES = {2773--2813},
      ISSN = {1073-7928},
   MRCLASS = {55P42 (14D20 19L50 55N15 55S10)},
  MRNUMBER = {3214285},
MRREVIEWER = {Geoffrey M. L. Powell},
}

@article {Lawvere,
    AUTHOR = {Lawvere, F. William},
     TITLE = {Functorial semantics of algebraic theories},
   JOURNAL = {Proc. Nat. Acad. Sci. U.S.A.},
  FJOURNAL = {Proceedings of the National Academy of Sciences of the United
              States of America},
    VOLUME = {50},
      YEAR = {1963},
     PAGES = {869--872},
      ISSN = {0027-8424},
   MRCLASS = {18.10},
  MRNUMBER = {0158921 (28 \#2143)},
MRREVIEWER = {M. Artin},
}

@article {Lazard,
    AUTHOR = {Lazard, Michel},
     TITLE = {Sur les groupes de {L}ie formels \`a un param\`etre},
   JOURNAL = {Bull. Soc. Math. France},
  FJOURNAL = {Bulletin de la Soci\'et\'e Math\'ematique de France},
    VOLUME = {83},
      YEAR = {1955},
     PAGES = {251--274},
      ISSN = {0037-9484},
   MRCLASS = {17.0X},
  MRNUMBER = {0073925 (17,508e)},
MRREVIEWER = {J. Dieudonn{\'e}},
}

@unpublished {LST,
    AUTHOR = {Lubin, J. and Serre, J.-P. and Tate, J.},
     TITLE = {Elliptic curves and formal groups},
}

@article {LT,
    AUTHOR = {Lubin, Jonathan and Tate, John},
     TITLE = {Formal moduli for one-parameter formal {L}ie groups},
   JOURNAL = {Bull. Soc. Math. France},
  FJOURNAL = {Bulletin de la Soci\'et\'e Math\'ematique de France},
    VOLUME = {94},
      YEAR = {1966},
     PAGES = {49--59},
      ISSN = {0037-9484},
   MRCLASS = {14.50},
  MRNUMBER = {0238854 (39 \#214)},
MRREVIEWER = {J. Dieudonn{\'e}},
}

@article {Lubin67,
    AUTHOR = {Lubin, Jonathan},
     TITLE = {Finite subgroups and isogenies of one-parameter formal {L}ie
              groups},
   JOURNAL = {Ann. of Math. (2)},
  FJOURNAL = {Annals of Mathematics. Second Series},
    VOLUME = {85},
      YEAR = {1967},
     PAGES = {296--302},
      ISSN = {0003-486X},
   MRCLASS = {14.50},
  MRNUMBER = {0209287 (35 \#189)},
MRREVIEWER = {J. Dieudonn{\'e}},
}

@unpublished {Milne,
    AUTHOR = {Milne, J.S.},
     TITLE = {Modular functions and modular forms},
}

@MISC {MO,
    TITLE = {Where can {I} find a comprehensive list of equations for small genus modular curves?},
    AUTHOR = {David Zureick-Brown (http://mathoverflow.net/users/2/david-zureick-brown)},
    HOWPUBLISHED = {MathOverflow},
    NOTE = {URL:http://mathoverflow.net/q/14054 (version: 2010-02-03)},
    EPRINT = {http://mathoverflow.net/q/14054},
    URL = {http://mathoverflow.net/q/14054}
}

@article {tmf3,
    AUTHOR = {Mahowald, Mark and Rezk, Charles},
     TITLE = {Topological modular forms of level 3},
   JOURNAL = {Pure Appl. Math. Q.},
  FJOURNAL = {Pure and Applied Mathematics Quarterly},
    VOLUME = {5},
      YEAR = {2009},
    NUMBER = {2, Special Issue: In honor of Friedrich Hirzebruch. Part
              1},
     PAGES = {853--872},
      ISSN = {1558-8599},
   MRCLASS = {55N34 (11F23 55P42)},
  MRNUMBER = {2508904 (2010g:55010)},
MRREVIEWER = {Tyler D. Lawson},
       DOI = {10.4310/PAMQ.2009.v5.n2.a9},
       URL = {http://dx.doi.org/10.4310/PAMQ.2009.v5.n2.a9},
}

@book {cc,
    AUTHOR = {Milnor, John W. and Stasheff, James D.},
     TITLE = {Characteristic classes},
      NOTE = {Annals of Mathematics Studies, No. 76},
 PUBLISHER = {Princeton University Press, Princeton, N. J.; University of
              Tokyo Press, Tokyo},
      YEAR = {1974},
     PAGES = {vii+331},
   MRCLASS = {57-01 (55-02 55F40 57D20)},
  MRNUMBER = {0440554 (55 \#13428)},
MRREVIEWER = {F. Hirzebruch},
}

@article {Miyamoto,
    AUTHOR = {Miyamoto, Masahiko},
     TITLE = {Modular invariance of vertex operator algebras satisfying
              {$C\sb 2$}-cofiniteness},
   JOURNAL = {Duke Math. J.},
  FJOURNAL = {Duke Mathematical Journal},
    VOLUME = {122},
      YEAR = {2004},
    NUMBER = {1},
     PAGES = {51--91},
      ISSN = {0012-7094},
     CODEN = {DUMJAO},
   MRCLASS = {17B69 (11F22)},
  MRNUMBER = {2046807 (2005f:17028)},
MRREVIEWER = {Hai Sheng Li},
       DOI = {10.1215/S0012-7094-04-12212-2},
       URL = {http://dx.doi.org/10.1215/S0012-7094-04-12212-2},
}

@book {web,
    AUTHOR = {Ono, Ken},
     TITLE = {The web of modularity: arithmetic of the coefficients of
              modular forms and {$q$}-series},
    SERIES = {CBMS Regional Conference Series in Mathematics},
    VOLUME = {102},
 PUBLISHER = {Published for the Conference Board of the Mathematical
              Sciences, Washington, DC; by the American Mathematical
              Society, Providence, RI},
      YEAR = {2004},
     PAGES = {viii+216},
      ISBN = {0-8218-3368-5},
   MRCLASS = {11F30 (05A30 11F11 11F37)},
  MRNUMBER = {2020489 (2005c:11053)},
MRREVIEWER = {Kevin L. James},
}

@unpublished {Tnf,
    AUTHOR = {Ormsby, Kyle M.},
     TITLE = {Tate normal form and level resolutions of the {$K(2)$}-local sphere},
}

@unpublished {lpo,
    AUTHOR = {Rezk, Charles},
     TITLE = {Lectures on power operations},
}

@unpublished {h2p2,
    AUTHOR = {Rezk, Charles},
     TITLE = {Power operations for {M}orava {$E$}-theory of height 2 at the prime 2},
     ARXIV = {0812.1320},
}

@unpublished {Koszul,
    AUTHOR = {Rezk, Charles},
     TITLE = {Rings of power operations for {M}orava {$E$}-theories are {K}oszul},
     ARXIV = {1204.4831},
}

@unpublished {h2,
    AUTHOR = {Rezk, Charles},
     TITLE = {Power operations in {M}orava {$E$}-theory: structure and calculations},
}

@article {log,
    AUTHOR = {Rezk, Charles},
     TITLE = {The units of a ring spectrum and a logarithmic cohomology
              operation},
   JOURNAL = {J. Amer. Math. Soc.},
  FJOURNAL = {Journal of the American Mathematical Society},
    VOLUME = {19},
      YEAR = {2006},
    NUMBER = {4},
     PAGES = {969--1014},
      ISSN = {0894-0347},
   MRCLASS = {55N22 (55P43 55S05)},
  MRNUMBER = {2219307 (2007h:55006)},
MRREVIEWER = {Keith Peter Johnson},
       DOI = {10.1090/S0894-0347-06-00521-2},
       URL = {http://dx.doi.org/10.1090/S0894-0347-06-00521-2},
}

@article {cong,
    AUTHOR = {Rezk, Charles},
     TITLE = {The congruence criterion for power operations in {M}orava
              {$E$}-theory},
   JOURNAL = {Homology, Homotopy Appl.},
  FJOURNAL = {Homology, Homotopy and Applications},
    VOLUME = {11},
      YEAR = {2009},
    NUMBER = {2},
     PAGES = {327--379},
      ISSN = {1532-0073},
   MRCLASS = {55S25 (14L05 55S12)},
  MRNUMBER = {2591924 (2011e:55021)},
MRREVIEWER = {Mark Hovey},
       URL = {http://projecteuclid.org/euclid.hha/1296138524},
}

@article {mc1,
    AUTHOR = {Rezk, Charles},
     TITLE = {Modular isogeny complexes},
   JOURNAL = {Algebr. Geom. Topol.},
  FJOURNAL = {Algebraic \& Geometric Topology},
    VOLUME = {12},
      YEAR = {2012},
    NUMBER = {3},
     PAGES = {1373--1403},
      ISSN = {1472-2747},
   MRCLASS = {11G05 (14F43 14H52 55N34)},
  MRNUMBER = {2966690},
MRREVIEWER = {Mark J. Behrens},
       DOI = {10.2140/agt.2012.12.1373},
       URL = {http://dx.doi.org/10.2140/agt.2012.12.1373},
}

@incollection {fmpadiq,
    AUTHOR = {Serre, Jean-Pierre},
     TITLE = {Formes modulaires et fonctions z\^eta {$p$}-adiques},
 BOOKTITLE = {Modular functions of one variable, {III} ({P}roc. {I}nternat.
              {S}ummer {S}chool, {U}niv. {A}ntwerp, 1972)},
     PAGES = {191--268. Lecture Notes in Math., Vol. 350},
 PUBLISHER = {Springer, Berlin},
      YEAR = {1973},
   MRCLASS = {10D05},
  MRNUMBER = {0404145 (53 \#7949a)},
MRREVIEWER = {K.-B. Gundlach},
}

@article {Serre,
    AUTHOR = {Serre, Jean-Pierre},
     TITLE = {Cohomologie modulo 2 des complexes
              d'{E}ilenberg-{M}ac{L}ane},
   JOURNAL = {Comment. Math. Helv.},
  FJOURNAL = {Commentarii Mathematici Helvetici},
    VOLUME = {27},
      YEAR = {1953},
     PAGES = {198--232},
      ISSN = {0010-2571},
   MRCLASS = {56.0X},
  MRNUMBER = {0060234 (15,643c)},
MRREVIEWER = {W. S. Massey},
}

@book {Steenrod,
    AUTHOR = {Steenrod, N. E.},
     TITLE = {Cohomology operations},
    SERIES = {Lectures by N. E. Steenrod written and revised by D. B. A.
              Epstein. Annals of Mathematics Studies, No. 50},
 PUBLISHER = {Princeton University Press, Princeton, N.J.},
      YEAR = {1962},
     PAGES = {vii+139},
   MRCLASS = {55.34},
  MRNUMBER = {0145525 (26 \#3056)},
MRREVIEWER = {S.-T. Hu},
}

@book {AF,
    AUTHOR = {Shimura, Goro},
     TITLE = {Introduction to the arithmetic theory of automorphic
              functions},
    SERIES = {Publications of the Mathematical Society of Japan},
    VOLUME = {11},
      NOTE = {Reprint of the 1971 original,
              Kan{\^o} Memorial Lectures, 1},
 PUBLISHER = {Princeton University Press, Princeton, NJ},
      YEAR = {1994},
     PAGES = {xiv+271},
      ISBN = {0-691-08092-5},
   MRCLASS = {11Fxx (11-02 11G05 11G40)},
  MRNUMBER = {1291394 (95e:11048)},
}

@book {AEC,
    AUTHOR = {Silverman, Joseph H.},
     TITLE = {The arithmetic of elliptic curves},
    SERIES = {Graduate Texts in Mathematics},
    VOLUME = {106},
   EDITION = {Second},
 PUBLISHER = {Springer, Dordrecht},
      YEAR = {2009},
     PAGES = {xx+513},
      ISBN = {978-0-387-09493-9},
   MRCLASS = {11-02 (11G05 11G20 14H52 14K15)},
  MRNUMBER = {2514094 (2010i:11005)},
MRREVIEWER = {Vasil{\cprime} {\=I}. Andr{\={\i}}{\u\i}chuk},
       DOI = {10.1007/978-0-387-09494-6},
       URL = {http://dx.doi.org/10.1007/978-0-387-09494-6},
}

@unpublished {Sprang,
    AUTHOR = {Sprang, Johannes},
     TITLE = {p-adic interpolation and multiplicative orientations of {KO} and tmf (with an appendix by {N}iko {N}aumann)},
     ARXIV = {1409.5314},
}

@article {Str98,
    AUTHOR = {Strickland, N. P.},
     TITLE = {Morava {$E$}-theory of symmetric groups},
   JOURNAL = {Topology},
  FJOURNAL = {Topology. An International Journal of Mathematics},
    VOLUME = {37},
      YEAR = {1998},
    NUMBER = {4},
     PAGES = {757--779},
      ISSN = {0040-9383},
     CODEN = {TPLGAF},
   MRCLASS = {55N22 (55P42 55R40)},
  MRNUMBER = {1607736 (99e:55008)},
MRREVIEWER = {John Hunton},
       DOI = {10.1016/S0040-9383(97)00054-2},
       URL = {http://dx.doi.org/10.1016/S0040-9383(97)00054-2},
}

@incollection {1-2-3,
    AUTHOR = {Zagier, Don},
     TITLE = {Elliptic modular forms and their applications},
 BOOKTITLE = {The 1-2-3 of modular forms},
    SERIES = {Universitext},
     PAGES = {1--103},
 PUBLISHER = {Springer, Berlin},
      YEAR = {2008},
   MRCLASS = {11F11 (11-02 11E45 11F20 11F25 11F27 11F67)},
  MRNUMBER = {2409678 (2010b:11047)},
MRREVIEWER = {Rainer Schulze-Pillot},
       DOI = {10.1007/978-3-540-74119-0_1},
       URL = {http://dx.doi.org/10.1007/978-3-540-74119-0_1},
}

@article {mock,
    AUTHOR = {Zagier, Don},
     TITLE = {Ramanujan's mock theta functions and their applications [d'apr\`es
              {Z}wegers and {B}ringmann--{O}no]},
      NOTE = {S{\'e}minaire Bourbaki. Vol. 2007/2008},
   JOURNAL = {Ast\'erisque},
  FJOURNAL = {Ast\'erisque},
    NUMBER = {326},
      YEAR = {2009},
     PAGES = {Exp. No. 986, vii--viii, 143--164 (2010)},
      ISSN = {0303-1179},
      ISBN = {978-285629-269-3},
   MRCLASS = {11F37 (11F03 11P84 33-02 33F99)},
  MRNUMBER = {2605321 (2011h:11049)},
MRREVIEWER = {Amanda Folsom},
}

@article {Zhu,
    AUTHOR = {Zhu, Yongchang},
     TITLE = {Modular invariance of characters of vertex operator algebras},
   JOURNAL = {J. Amer. Math. Soc.},
  FJOURNAL = {Journal of the American Mathematical Society},
    VOLUME = {9},
      YEAR = {1996},
    NUMBER = {1},
     PAGES = {237--302},
      ISSN = {0894-0347},
   MRCLASS = {17B69 (11F22 17B68)},
  MRNUMBER = {1317233 (96c:17042)},
MRREVIEWER = {Chong Ying Dong},
       DOI = {10.1090/S0894-0347-96-00182-8},
       URL = {http://dx.doi.org/10.1090/S0894-0347-96-00182-8},
}

@article {p3,
    AUTHOR = {Zhu, Yifei},
     TITLE = {The power operation structure on {M}orava {$E$}-theory of
              height 2 at the prime 3},
   JOURNAL = {Algebr. Geom. Topol.},
  FJOURNAL = {Algebraic \& Geometric Topology},
    VOLUME = {14},
      YEAR = {2014},
    NUMBER = {2},
     PAGES = {953--977},
      ISSN = {1472-2747},
   MRCLASS = {55S12 (55N20 55N34)},
  MRNUMBER = {3160608},
MRREVIEWER = {Geoffrey M. L. Powell},
       DOI = {10.2140/agt.2014.14.953},
       URL = {http://dx.doi.org/10.2140/agt.2014.14.953},
}


@book {Apostol,
    AUTHOR = {Apostol, Tom M.},
     TITLE = {Modular functions and {D}irichlet series in number theory},
    SERIES = {Graduate Texts in Mathematics},
    VOLUME = {41},
   EDITION = {Second},
 PUBLISHER = {Springer-Verlag, New York},
      YEAR = {1990},
     PAGES = {x+204},
      ISBN = {0-387-97127-0},
   MRCLASS = {11-01 (11Fxx 11Mxx)},
  MRNUMBER = {1027834 (90j:11001)},
       DOI = {10.1007/978-1-4612-0999-7},
       URL = {http://dx.doi.org/10.1007/978-1-4612-0999-7},
}

@incollection {DR,
    AUTHOR = {Deligne, P. and Rapoport, M.},
     TITLE = {Les sch\'emas de modules de courbes elliptiques},
 BOOKTITLE = {Modular functions of one variable, {II} ({P}roc. {I}nternat.
              {S}ummer {S}chool, {U}niv. {A}ntwerp, {A}ntwerp, 1972)},
     PAGES = {143--316. Lecture Notes in Math., Vol. 349},
 PUBLISHER = {Springer, Berlin},
      YEAR = {1973},
   MRCLASS = {14K10 (10D05)},
  MRNUMBER = {0337993 (49 \#2762)},
MRREVIEWER = {T. Oda},
}

@book {MF,
    AUTHOR = {Diamond, Fred and Shurman, Jerry},
     TITLE = {A first course in modular forms},
    SERIES = {Graduate Texts in Mathematics},
    VOLUME = {228},
 PUBLISHER = {Springer-Verlag, New York},
      YEAR = {2005},
     PAGES = {xvi+436},
      ISBN = {0-387-23229-X},
   MRCLASS = {11Fxx},
  MRNUMBER = {2112196 (2006f:11045)},
MRREVIEWER = {Henri Darmon},
}

@incollection {KanekoZagier,
    AUTHOR = {Kaneko, M. and Zagier, D.},
     TITLE = {Supersingular {$j$}-invariants, hypergeometric series, and
              {A}tkin's orthogonal polynomials},
 BOOKTITLE = {Computational perspectives on number theory ({C}hicago, {IL},
              1995)},
    SERIES = {AMS/IP Stud. Adv. Math.},
    VOLUME = {7},
     PAGES = {97--126},
 PUBLISHER = {Amer. Math. Soc., Providence, RI},
      YEAR = {1998},
   MRCLASS = {11G20 (11F11 11F33)},
  MRNUMBER = {1486833 (99b:11064)},
MRREVIEWER = {M. Ram Murty},
}

@article {MilasMortensonOno,
    AUTHOR = {Milas, Antun and Mortenson, Eric and Ono, Ken},
     TITLE = {Number theoretic properties of {W}ronskians of
              {A}ndrews-{G}ordon series},
   JOURNAL = {Int. J. Number Theory},
  FJOURNAL = {International Journal of Number Theory},
    VOLUME = {4},
      YEAR = {2008},
    NUMBER = {2},
     PAGES = {323--337},
      ISSN = {1793-0421},
   MRCLASS = {11F30 (11F22 11G05 17B68 33D90 81T40)},
  MRNUMBER = {2404804 (2009g:11054)},
MRREVIEWER = {Imin Chen},
       DOI = {10.1142/S1793042108001377},
       URL = {http://dx.doi.org/10.1142/S1793042108001377},
}

@unpublished {ho,
    AUTHOR = {Zhu, Yifei},
     TITLE = {The {H}ecke algebra action on {M}orava {$E$}-theory of height 2},
     ARXIV = {1505.06377},
}

@article {Str97,
    AUTHOR = {Strickland, Neil P.},
     TITLE = {Finite subgroups of formal groups},
   JOURNAL = {J. Pure Appl. Algebra},
  FJOURNAL = {Journal of Pure and Applied Algebra},
    VOLUME = {121},
      YEAR = {1997},
    NUMBER = {2},
     PAGES = {161--208},
      ISSN = {0022-4049},
     CODEN = {JPAAA2},
   MRCLASS = {14L05 (55N22)},
  MRNUMBER = {1473889 (98k:14065)},
MRREVIEWER = {Antoine Chambert-Loir},
       DOI = {10.1016/S0022-4049(96)00113-2},
       URL = {http://dx.doi.org/10.1016/S0022-4049(96)00113-2},
}

@article {V1,
    AUTHOR = {Voevodsky, Vladimir},
     TITLE = {Reduced power operations in motivic cohomology},
   JOURNAL = {Publ. Math. Inst. Hautes \'Etudes Sci.},
  FJOURNAL = {Publications Math\'ematiques. Institut de Hautes \'Etudes
              Scientifiques},
    NUMBER = {98},
      YEAR = {2003},
     PAGES = {1--57},
      ISSN = {0073-8301},
   MRCLASS = {14F42 (12G05 19D45 19E15)},
  MRNUMBER = {2031198 (2005b:14038a)},
MRREVIEWER = {Eric M. Friedlander},
       DOI = {10.1007/s10240-003-0009-z},
       URL = {http://dx.doi.org/10.1007/s10240-003-0009-z},
}

@article {V2,
    AUTHOR = {Voevodsky, Vladimir},
     TITLE = {Motivic cohomology with {${\bf Z}/2$}-coefficients},
   JOURNAL = {Publ. Math. Inst. Hautes \'Etudes Sci.},
  FJOURNAL = {Publications Math\'ematiques. Institut de Hautes \'Etudes
              Scientifiques},
    NUMBER = {98},
      YEAR = {2003},
     PAGES = {59--104},
      ISSN = {0073-8301},
   MRCLASS = {14F42 (12G05 19D45 19E15)},
  MRNUMBER = {2031199 (2005b:14038b)},
MRREVIEWER = {Eric M. Friedlander},
       DOI = {10.1007/s10240-003-0010-6},
       URL = {http://dx.doi.org/10.1007/s10240-003-0010-6},
}

@article {can,
    AUTHOR = {Lubin, Jonathan},
     TITLE = {Canonical subgroups of formal groups},
   JOURNAL = {Trans. Amer. Math. Soc.},
  FJOURNAL = {Transactions of the American Mathematical Society},
    VOLUME = {251},
      YEAR = {1979},
     PAGES = {103--127},
      ISSN = {0002-9947},
     CODEN = {TAMTAM},
   MRCLASS = {14L05},
  MRNUMBER = {531971 (80j:14039)},
MRREVIEWER = {V. V. Shokurov},
       DOI = {10.2307/1998685},
       URL = {http://dx.doi.org/10.2307/1998685},
}

@article {Kerner,
    AUTHOR = {Kerner, D.},
     TITLE = {Enumeration of uni-singular algebraic hypersurfaces},
   JOURNAL = {Proc. Lond. Math. Soc. (3)},
  FJOURNAL = {Proceedings of the London Mathematical Society. Third Series},
    VOLUME = {96},
      YEAR = {2008},
    NUMBER = {3},
     PAGES = {623--668},
      ISSN = {0024-6115},
   MRCLASS = {14N10 (14C17 14J17 14J70)},
  MRNUMBER = {2407815 (2009e:14088)},
MRREVIEWER = {Ragni Piene},
       DOI = {10.1112/plms/pdm036},
       URL = {http://dx.doi.org/10.1112/plms/pdm036},
}

@book {Browder,
    AUTHOR = {Browder, Andrew},
     TITLE = {Mathematical analysis},
    SERIES = {Undergraduate Texts in Mathematics},
      NOTE = {An introduction},
 PUBLISHER = {Springer-Verlag, New York},
      YEAR = {1996},
     PAGES = {xiv+333},
      ISBN = {0-387-94614-4},
   MRCLASS = {00A05 (26-01 28-01 58-01)},
  MRNUMBER = {1411675 (97g:00001)},
MRREVIEWER = {R. G. Bartle},
       DOI = {10.1007/978-1-4612-0715-3},
       URL = {http://dx.doi.org/10.1007/978-1-4612-0715-3},
}

@article {prime2,
    AUTHOR = {Lawson, Tyler},
     TITLE = {The {S}himura curve of discriminant 15 and topological
              automorphic forms},
   JOURNAL = {Forum Math. Sigma},
  FJOURNAL = {Forum of Mathematics. Sigma},
    VOLUME = {3},
      YEAR = {2015},
     PAGES = {e3, 32},
      ISSN = {2050-5094},
   MRCLASS = {11G18 (11F23 14G35 55P42 55P43)},
  MRNUMBER = {3324940},
       DOI = {10.1017/fms.2015.1},
       URL = {http://dx.doi.org/10.1017/fms.2015.1},
}

@article {Ravenel,
    AUTHOR = {Ravenel, Douglas C.},
     TITLE = {Localization with respect to certain periodic homology
              theories},
   JOURNAL = {Amer. J. Math.},
  FJOURNAL = {American Journal of Mathematics},
    VOLUME = {106},
      YEAR = {1984},
    NUMBER = {2},
     PAGES = {351--414},
      ISSN = {0002-9327},
     CODEN = {AJMAAN},
   MRCLASS = {55P42},
  MRNUMBER = {737778 (85k:55009)},
MRREVIEWER = {J. F. Adams},
       DOI = {10.2307/2374308},
       URL = {http://dx.doi.org/10.2307/2374308},
}

@article {blind,
    AUTHOR = {Greenlees, J. P. C.},
     TITLE = {How blind is your favourite cohomology theory?},
   JOURNAL = {Exposition. Math.},
  FJOURNAL = {Expositiones Mathematicae. International Journal for Pure and
              Applied Mathematics},
    VOLUME = {6},
      YEAR = {1988},
    NUMBER = {3},
     PAGES = {193--208},
      ISSN = {0723-0869},
   MRCLASS = {55-02 (55N20 55T15)},
  MRNUMBER = {949783 (89j:55001)},
MRREVIEWER = {John McCleary},
}

@book {SilvermanTate,
    AUTHOR = {Silverman, Joseph H. and Tate, John T.},
     TITLE = {Rational points on elliptic curves},
    SERIES = {Undergraduate Texts in Mathematics},
   EDITION = {Second},
 PUBLISHER = {Springer, Cham},
      YEAR = {2015},
     PAGES = {xxii+332},
      ISBN = {978-3-319-18587-3; 978-3-319-18588-0},
   MRCLASS = {11-01 (11D25 11G05 14G05 14H52)},
  MRNUMBER = {3363545},
       DOI = {10.1007/978-3-319-18588-0},
       URL = {http://dx.doi.org/10.1007/978-3-319-18588-0},
}

(c) 2015, American Mathematical Society