@preamble{
   "\def\cprime{$'$} "
}

@book {sh,
    AUTHOR = {Adams, J. F.},
     TITLE = {Stable homotopy and generalised homology},
      NOTE = {Chicago Lectures in Mathematics},
 PUBLISHER = {University of Chicago Press},
   ADDRESS = {Chicago, Ill.},
      YEAR = {1974},
     PAGES = {x+373},
   MRCLASS = {55B20 (55E10)},
  MRNUMBER = {0402720 (53 \#6534)},
MRREVIEWER = {P. S. Landweber},
}

@article {adamshopf,
    AUTHOR = {Adams, J. F.},
     TITLE = {On the non-existence of elements of {H}opf invariant one},
   JOURNAL = {Ann. of Math. (2)},
  FJOURNAL = {Annals of Mathematics. Second Series},
    VOLUME = {72},
      YEAR = {1960},
     PAGES = {20--104},
      ISSN = {0003-486X},
   MRCLASS = {55.40},
  MRNUMBER = {0141119 (25 \#4530)},
MRREVIEWER = {M. A. Kervaire},
}

@article {adamsvector,
    AUTHOR = {Adams, J. F.},
     TITLE = {Vector fields on spheres},
   JOURNAL = {Ann. of Math. (2)},
  FJOURNAL = {Annals of Mathematics. Second Series},
    VOLUME = {75},
      YEAR = {1962},
     PAGES = {603--632},
      ISSN = {0003-486X},
   MRCLASS = {57.30},
  MRNUMBER = {0139178 (25 \#2614)},
MRREVIEWER = {M. F. Atiyah},
}

@article {adem,
    AUTHOR = {Adem, Jos{\'e}},
     TITLE = {The iteration of the {S}teenrod squares in algebraic topology},
   JOURNAL = {Proc. Nat. Acad. Sci. U. S. A.},
  FJOURNAL = {Proceedings of the National Academy of Sciences of the United
              States of America},
    VOLUME = {38},
      YEAR = {1952},
     PAGES = {720--726},
      ISSN = {0027-8424},
   MRCLASS = {56.0X},
  MRNUMBER = {0050278 (14,306e)},
MRREVIEWER = {W. S. Massey},
}

@article {Ando95,
    AUTHOR = {Ando, Matthew},
     TITLE = {Isogenies of formal group laws and power operations in the
              cohomology theories {$E\sb n$}},
   JOURNAL = {Duke Math. J.},
  FJOURNAL = {Duke Mathematical Journal},
    VOLUME = {79},
      YEAR = {1995},
    NUMBER = {2},
     PAGES = {423--485},
      ISSN = {0012-7094},
     CODEN = {DUMJAO},
   MRCLASS = {55N22 (14L05)},
  MRNUMBER = {1344767 (97a:55006)},
MRREVIEWER = {P. S. Landweber},
       DOI = {10.1215/S0012-7094-95-07911-3},
       URL = {http://dx.doi.org/10.1215/S0012-7094-95-07911-3},
}

@article {Ando00,
    AUTHOR = {Ando, Matthew},
     TITLE = {Power operations in elliptic cohomology and representations of
              loop groups},
   JOURNAL = {Trans. Amer. Math. Soc.},
  FJOURNAL = {Transactions of the American Mathematical Society},
    VOLUME = {352},
      YEAR = {2000},
    NUMBER = {12},
     PAGES = {5619--5666},
      ISSN = {0002-9947},
     CODEN = {TAMTAM},
   MRCLASS = {55N35 (11F11 14H52 22E67)},
  MRNUMBER = {1637129 (2001b:55016)},
MRREVIEWER = {Mark Hovey},
       DOI = {10.1090/S0002-9947-00-02412-0},
       URL = {http://dx.doi.org/10.1090/S0002-9947-00-02412-0},
}

@article {AHS01,
    AUTHOR = {Ando, M. and Hopkins, M. J. and Strickland, N. P.},
     TITLE = {Elliptic spectra, the {W}itten genus and the theorem of the
              cube},
   JOURNAL = {Invent. Math.},
  FJOURNAL = {Inventiones Mathematicae},
    VOLUME = {146},
      YEAR = {2001},
    NUMBER = {3},
     PAGES = {595--687},
      ISSN = {0020-9910},
     CODEN = {INVMBH},
   MRCLASS = {55N34 (14H52 58J26)},
  MRNUMBER = {1869850 (2002g:55009)},
MRREVIEWER = {Mark Hovey},
       DOI = {10.1007/s002220100175},
       URL = {http://dx.doi.org/10.1007/s002220100175},
}

@article {AHS04,
    AUTHOR = {Ando, Matthew and Hopkins, Michael J. and Strickland, Neil P.},
     TITLE = {The sigma orientation is an {$H\sb \infty$} map},
   JOURNAL = {Amer. J. Math.},
  FJOURNAL = {American Journal of Mathematics},
    VOLUME = {126},
      YEAR = {2004},
    NUMBER = {2},
     PAGES = {247--334},
      ISSN = {0002-9327},
     CODEN = {AJMAAN},
   MRCLASS = {55N34 (55P42 55P43)},
  MRNUMBER = {2045503 (2005d:55009)},
MRREVIEWER = {Paul G. Goerss},
       URL =
              {http://muse.jhu.edu/journals/american_journal_of_mathematics/v126/126.2ando.pdf},
}

@article {atiyah,
    AUTHOR = {Atiyah, M. F.},
     TITLE = {Power operations in {$K$}-theory},
   JOURNAL = {Quart. J. Math. Oxford Ser. (2)},
  FJOURNAL = {The Quarterly Journal of Mathematics. Oxford. Second Series},
    VOLUME = {17},
      YEAR = {1966},
     PAGES = {165--193},
      ISSN = {0033-5606},
   MRCLASS = {55.32},
  MRNUMBER = {0202130 (34 \#2004)},
MRREVIEWER = {J. F. Adams},
}

@article {atiyahsegal,
    AUTHOR = {Atiyah, M. F. and Segal, G. B.},
     TITLE = {Equivariant {$K$}-theory and completion},
   JOURNAL = {J. Differential Geometry},
  FJOURNAL = {Journal of Differential Geometry},
    VOLUME = {3},
      YEAR = {1969},
     PAGES = {1--18},
      ISSN = {0022-040X},
   MRCLASS = {57.40 (18.00)},
  MRNUMBER = {0259946 (41 \#4575)},
MRREVIEWER = {S. Y. Husseini},
}

@article {atkinlehner,
    AUTHOR = {Atkin, A. O. L. and Lehner, J.},
     TITLE = {Hecke operators on {$\Gamma \sb{0}(m)$}},
   JOURNAL = {Math. Ann.},
  FJOURNAL = {Mathematische Annalen},
    VOLUME = {185},
      YEAR = {1970},
     PAGES = {134--160},
      ISSN = {0025-5831},
   MRCLASS = {10.20},
  MRNUMBER = {0268123 (42 \#3022)},
MRREVIEWER = {R. A. Rankin},
}

@article {poonen,
    AUTHOR = {Baker, Matthew H. and Gonz{\'a}lez-Jim{\'e}nez, Enrique and
              Gonz{\'a}lez, Josep and Poonen, Bjorn},
     TITLE = {Finiteness results for modular curves of genus at least 2},
   JOURNAL = {Amer. J. Math.},
  FJOURNAL = {American Journal of Mathematics},
    VOLUME = {127},
      YEAR = {2005},
    NUMBER = {6},
     PAGES = {1325--1387},
      ISSN = {0002-9327},
     CODEN = {AJMAAN},
   MRCLASS = {11G18},
  MRNUMBER = {2183527 (2006i:11065)},
MRREVIEWER = {Mihran Papikian},
       URL =
              {http://muse.jhu.edu/journals/american_journal_of_mathematics/v127/127.6baker.pdf},
}

@book {borceux,
    AUTHOR = {Borceux, Francis},
     TITLE = {Handbook of categorical algebra. 2},
    SERIES = {Encyclopedia of Mathematics and its Applications},
    VOLUME = {51},
      NOTE = {Categories and structures},
 PUBLISHER = {Cambridge University Press},
   ADDRESS = {Cambridge},
      YEAR = {1994},
     PAGES = {xviii+443},
      ISBN = {0-521-44179-X},
   MRCLASS = {18-02 (18Exx)},
  MRNUMBER = {1313497 (96g:18001b)},
MRREVIEWER = {Martin Hyland},
}

@article {bousfield,
    AUTHOR = {Bousfield, A. K.},
     TITLE = {The localization of spectra with respect to homology},
   JOURNAL = {Topology},
  FJOURNAL = {Topology. An International Journal of Mathematics},
    VOLUME = {18},
      YEAR = {1979},
    NUMBER = {4},
     PAGES = {257--281},
      ISSN = {0040-9383},
     CODEN = {TPLGAF},
   MRCLASS = {55N20 (55N15 55P60)},
  MRNUMBER = {551009 (80m:55006)},
MRREVIEWER = {Willi Meier},
       DOI = {10.1016/0040-9383(79)90018-1},
       URL = {http://dx.doi.org/10.1016/0040-9383(79)90018-1},
}

@book {H_infty,
    AUTHOR = {Bruner, R. R. and May, J. P. and McClure, J. E. and
              Steinberger, M.},
     TITLE = {{$H\sb \infty $} ring spectra and their applications},
    SERIES = {Lecture Notes in Mathematics},
    VOLUME = {1176},
 PUBLISHER = {Springer-Verlag},
   ADDRESS = {Berlin},
      YEAR = {1986},
     PAGES = {viii+388},
      ISBN = {3-540-16434-0},
   MRCLASS = {55-02 (55P42 55Sxx)},
  MRNUMBER = {836132 (88e:55001)},
MRREVIEWER = {Haynes R. Miller},
}

@article {cartan,
    AUTHOR = {Cartan, Henri},
     TITLE = {Sur les groupes d'{E}ilenberg-{M}ac {L}ane. {II}},
   JOURNAL = {Proc. Nat. Acad. Sci. U. S. A.},
  FJOURNAL = {Proceedings of the National Academy of Sciences of the United
              States of America},
    VOLUME = {40},
      YEAR = {1954},
     PAGES = {704--707},
      ISSN = {0027-8424},
   MRCLASS = {56.0X},
  MRNUMBER = {0065161 (16,390b)},
MRREVIEWER = {P. J. Hilton},
}

@article {dewaghe,
    AUTHOR = {Dewaghe, L.},
     TITLE = {Isog\'enie entre courbes elliptiques},
   JOURNAL = {Util. Math.},
  FJOURNAL = {Utilitas Mathematica},
    VOLUME = {55},
      YEAR = {1999},
     PAGES = {123--127},
      ISSN = {0315-3681},
   MRCLASS = {14H52 (14K02)},
  MRNUMBER = {1685678 (2000b:14034)},
MRREVIEWER = {Jean-Marc Couveignes},
}

@book {EKMM,
    AUTHOR = {Elmendorf, A. D. and Kriz, I. and Mandell, M. A. and May, J.
              P.},
     TITLE = {Rings, modules, and algebras in stable homotopy theory},
    SERIES = {Mathematical Surveys and Monographs},
    VOLUME = {47},
      NOTE = {With an appendix by M. Cole},
 PUBLISHER = {American Mathematical Society},
   ADDRESS = {Providence, RI},
      YEAR = {1997},
     PAGES = {xii+249},
      ISBN = {0-8218-0638-6},
   MRCLASS = {55N20 (19D10 19D55 55P42 55T25)},
  MRNUMBER = {1417719 (97h:55006)},
MRREVIEWER = {Donald M. Davis},
}

@unpublished {ganter,
    AUTHOR = {Ganter, Nora},
     TITLE = {Stringy power operations in {T}ate ${K}$-theory},
      NOTE = {preprint, available at \href{http://arxiv.org/abs/math/0701565}{arXiv:0701565}},
}

@incollection {goersshopkins,
    AUTHOR = {Goerss, P. G. and Hopkins, M. J.},
     TITLE = {Moduli spaces of commutative ring spectra},
 BOOKTITLE = {Structured ring spectra},
    SERIES = {London Math. Soc. Lecture Note Ser.},
    VOLUME = {315},
     PAGES = {151--200},
 PUBLISHER = {Cambridge Univ. Press},
   ADDRESS = {Cambridge},
      YEAR = {2004},
   MRCLASS = {55P43},
  MRNUMBER = {2125040 (2006b:55010)},
MRREVIEWER = {Birgit Richter},
       DOI = {10.1017/CBO9780511529955.009},
       URL = {http://dx.doi.org/10.1017/CBO9780511529955.009},
}

@article {blind,
    AUTHOR = {Greenlees, J. P. C.},
     TITLE = {How blind is your favourite cohomology theory?},
   JOURNAL = {Exposition. Math.},
  FJOURNAL = {Expositiones Mathematicae. International Journal for Pure and
              Applied Mathematics},
    VOLUME = {6},
      YEAR = {1988},
    NUMBER = {3},
     PAGES = {193--208},
      ISSN = {0723-0869},
   MRCLASS = {55-02 (55N20 55T15)},
  MRNUMBER = {949783 (89j:55001)},
MRREVIEWER = {John McCleary},
}

@unpublished {coctalos,
    AUTHOR = {Hopkins, Mike},
     TITLE = {Complex oriented cohomology theories and the language of stacks},
      NOTE = {course notes, available at \href{http://www.math.rochester.edu/people/faculty/doug/otherpapers/coctalos.pdf}{http://www.math.rochester.edu/people/faculty/doug/otherpapers/coctalos.pdf}},
}

@unpublished {hopkins,
    AUTHOR = {Hopkins, M. J.},
     TITLE = {{$K(1)$}-local {$E\sb \infty $} ring spectra},
      NOTE = {unpublished notes, available at \href{http://www.math.rochester.edu/people/faculty/doug/otherpapers/knlocal.pdf}{http://www.math.rochester.edu/people/faculty/doug/otherpapers/knlocal.pdf}},
}

@unpublished {hopkinsmahowald,
    AUTHOR = {Hopkins, Mike and Mahowald, Mark},
     TITLE = {From elliptic curves to homotopy theory},
      NOTE = {preprint, available at \href{http://hopf.math.purdue.edu//Hopkins-Mahowald/eo2homotopy.pdf}{http://hopf.math.purdue.edu//Hopkins-Mahowald/eo2homotopy.pdf}},
}

@article {hovey97,
    AUTHOR = {Hovey, Mark A.},
     TITLE = {{$v\sb n$}-{E}lements in ring spectra and applications to
              bordism theory},
   JOURNAL = {Duke Math. J.},
  FJOURNAL = {Duke Mathematical Journal},
    VOLUME = {88},
      YEAR = {1997},
    NUMBER = {2},
     PAGES = {327--356},
      ISSN = {0012-7094},
     CODEN = {DUMJAO},
   MRCLASS = {55P60 (55N22)},
  MRNUMBER = {1455523 (98d:55017)},
MRREVIEWER = {R. E. Stong},
       DOI = {10.1215/S0012-7094-97-08813-X},
       URL = {http://dx.doi.org/10.1215/S0012-7094-97-08813-X},
}

@article {hovey08,
    AUTHOR = {Hovey, Mark},
     TITLE = {Morava {$E$}-theory of filtered colimits},
   JOURNAL = {Trans. Amer. Math. Soc.},
  FJOURNAL = {Transactions of the American Mathematical Society},
    VOLUME = {360},
      YEAR = {2008},
    NUMBER = {1},
     PAGES = {369--382 (electronic)},
      ISSN = {0002-9947},
     CODEN = {TAMTAM},
   MRCLASS = {55N22 (55P42 55T25)},
  MRNUMBER = {2342007 (2008g:55007)},
MRREVIEWER = {Donald M. Davis},
       DOI = {10.1090/S0002-9947-07-04298-5},
       URL = {http://dx.doi.org/10.1090/S0002-9947-07-04298-5},
}

@article {hoveystrickland,
    AUTHOR = {Hovey, Mark and Strickland, Neil P.},
     TITLE = {Morava {$K$}-theories and localisation},
   JOURNAL = {Mem. Amer. Math. Soc.},
  FJOURNAL = {Memoirs of the American Mathematical Society},
    VOLUME = {139},
      YEAR = {1999},
    NUMBER = {666},
     PAGES = {viii+100},
      ISSN = {0065-9266},
     CODEN = {MAMCAU},
   MRCLASS = {55P60 (55N22 55P42 55T15)},
  MRNUMBER = {1601906 (99b:55017)},
MRREVIEWER = {J. P. C. Greenlees},
}

@book {husemoller,
    AUTHOR = {Husem{\"o}ller, Dale},
     TITLE = {Elliptic curves},
    SERIES = {Graduate Texts in Mathematics},
    VOLUME = {111},
   EDITION = {Second},
      NOTE = {With appendices by Otto Forster, Ruth Lawrence and Stefan
              Theisen},
 PUBLISHER = {Springer-Verlag},
   ADDRESS = {New York},
      YEAR = {2004},
     PAGES = {xxii+487},
      ISBN = {0-387-95490-2},
   MRCLASS = {11G05 (11-01 14G25 14H52 81T30 94A60)},
  MRNUMBER = {2024529 (2005a:11078)},
MRREVIEWER = {Joseph H. Silverman},
}

@book {KM,
    AUTHOR = {Katz, Nicholas M. and Mazur, Barry},
     TITLE = {Arithmetic moduli of elliptic curves},
    SERIES = {Annals of Mathematics Studies},
    VOLUME = {108},
 PUBLISHER = {Princeton University Press},
   ADDRESS = {Princeton, NJ},
      YEAR = {1985},
     PAGES = {xiv+514},
      ISBN = {0-691-08349-5; 0-691-08352-5},
   MRCLASS = {11G05 (11F11 14G25 14K15)},
  MRNUMBER = {772569 (86i:11024)},
MRREVIEWER = {Kenneth A. Ribet},
}

@book {kohel,
    AUTHOR = {Kohel, David Russell},
     TITLE = {Endomorphism rings of elliptic curves over finite fields},
      NOTE = {Thesis (Ph.D.)--University of California, Berkeley},
 PUBLISHER = {ProQuest LLC, Ann Arbor, MI},
      YEAR = {1996},
     PAGES = {117},
      ISBN = {978-0591-32123-4},
   MRCLASS = {Thesis},
  MRNUMBER = {2695524},
       URL =
              {http://gateway.proquest.com/openurl?url_ver=Z39.88-2004&rft_val_fmt=info:ofi/fmt:kev:mtx:dissertation&res_dat=xri:pqdiss&rft_dat=xri:pqdiss:9723065},
}

@incollection {tafoverview,
    AUTHOR = {Lawson, Tyler},
     TITLE = {An overview of abelian varieties in homotopy theory},
 BOOKTITLE = {New topological contexts for {G}alois theory and algebraic
              geometry ({BIRS} 2008)},
    SERIES = {Geom. Topol. Monogr.},
    VOLUME = {16},
     PAGES = {179--214},
 PUBLISHER = {Geom. Topol. Publ., Coventry},
      YEAR = {2009},
   MRCLASS = {55N20 (55N15 55N34 55P43)},
  MRNUMBER = {2544390 (2010i:55006)},
MRREVIEWER = {Michael A. Hill},
       DOI = {10.2140/gtm.2009.16.179},
       URL = {http://dx.doi.org/10.2140/gtm.2009.16.179},
}

@article {level3,
    AUTHOR = {Lawson, Tyler and Naumann, Niko},
     TITLE = {Commutativity conditions for truncated {B}rown-{P}eterson
              spectra of height 2},
   JOURNAL = {J. Topol.},
  FJOURNAL = {Journal of Topology},
    VOLUME = {5},
      YEAR = {2012},
    NUMBER = {1},
     PAGES = {137--168},
      ISSN = {1753-8416},
   MRCLASS = {55P42 (55N22 55N34 55P43)},
  MRNUMBER = {2897051},
MRREVIEWER = {Rui Miguel Saramago},
       DOI = {10.1112/jtopol/jtr030},
       URL = {http://dx.doi.org/10.1112/jtopol/jtr030},
}

@article {lawvere,
    AUTHOR = {Lawvere, F. William},
     TITLE = {Functorial semantics of algebraic theories},
   JOURNAL = {Proc. Nat. Acad. Sci. U.S.A.},
  FJOURNAL = {Proceedings of the National Academy of Sciences of the United
              States of America},
    VOLUME = {50},
      YEAR = {1963},
     PAGES = {869--872},
      ISSN = {0027-8424},
   MRCLASS = {18.10},
  MRNUMBER = {0158921 (28 \#2143)},
MRREVIEWER = {M. Artin},
}

@article {lubin,
    AUTHOR = {Lubin, Jonathan},
     TITLE = {Finite subgroups and isogenies of one-parameter formal {L}ie
              groups},
   JOURNAL = {Ann. of Math. (2)},
  FJOURNAL = {Annals of Mathematics. Second Series},
    VOLUME = {85},
      YEAR = {1967},
     PAGES = {296--302},
      ISSN = {0003-486X},
   MRCLASS = {14.50},
  MRNUMBER = {0209287 (35 \#189)},
MRREVIEWER = {J. Dieudonn{\'e}},
}

@article {lubintate,
    AUTHOR = {Lubin, Jonathan and Tate, John},
     TITLE = {Formal moduli for one-parameter formal {L}ie groups},
   JOURNAL = {Bull. Soc. Math. France},
  FJOURNAL = {Bulletin de la Soci\'et\'e Math\'ematique de France},
    VOLUME = {94},
      YEAR = {1966},
     PAGES = {49--59},
      ISSN = {0037-9484},
   MRCLASS = {14.50},
  MRNUMBER = {0238854 (39 \#214)},
MRREVIEWER = {J. Dieudonn{\'e}},
}

@incollection {survey,
    AUTHOR = {Lurie, J.},
     TITLE = {A survey of elliptic cohomology},
 BOOKTITLE = {Algebraic topology},
    SERIES = {Abel Symp.},
    VOLUME = {4},
     PAGES = {219--277},
 PUBLISHER = {Springer},
   ADDRESS = {Berlin},
      YEAR = {2009},
   MRCLASS = {55N34 (55P43)},
  MRNUMBER = {2597740 (2011f:55009)},
MRREVIEWER = {Tyler D. Lawson},
       DOI = {10.1007/978-3-642-01200-6_9},
       URL = {http://dx.doi.org/10.1007/978-3-642-01200-6_9},
}

@unpublished {252x,
    AUTHOR = {Lurie, Jacob},
     TITLE = {Chromatic homotopy theory},
      NOTE = {course notes, available at \href{http://www.math.harvard.edu/~lurie/252x.html}{http://www.math.harvard.edu/\textasciitilde lurie/252x.html}},
}

@article {tmf3,
    AUTHOR = {Mahowald, Mark and Rezk, Charles},
     TITLE = {Topological modular forms of level 3},
   JOURNAL = {Pure Appl. Math. Q.},
  FJOURNAL = {Pure and Applied Mathematics Quarterly},
    VOLUME = {5},
      YEAR = {2009},
    NUMBER = {2, Special Issue: In honor of Friedrich Hirzebruch. Part
              1},
     PAGES = {853--872},
      ISSN = {1558-8599},
   MRCLASS = {55N34 (11F23 55P42)},
  MRNUMBER = {2508904 (2010g:55010)},
MRREVIEWER = {Tyler D. Lawson},
}

@article {mcclure,
    AUTHOR = {McClure, James E.},
     TITLE = {Dyer-{L}ashof operations in {$K$}-theory},
   JOURNAL = {Bull. Amer. Math. Soc. (N.S.)},
  FJOURNAL = {American Mathematical Society. Bulletin. New Series},
    VOLUME = {8},
      YEAR = {1983},
    NUMBER = {1},
     PAGES = {67--72},
      ISSN = {0273-0979},
     CODEN = {BAMOAD},
   MRCLASS = {55S12 (55P47)},
  MRNUMBER = {682824 (84e:55014)},
MRREVIEWER = {Harvey Margolis},
       DOI = {10.1090/S0273-0979-1983-15086-3},
       URL = {http://dx.doi.org/10.1090/S0273-0979-1983-15086-3},
}

@article {milnor,
    AUTHOR = {Milnor, John},
     TITLE = {The {S}teenrod algebra and its dual},
   JOURNAL = {Ann. of Math. (2)},
  FJOURNAL = {Annals of Mathematics. Second Series},
    VOLUME = {67},
      YEAR = {1958},
     PAGES = {150--171},
      ISSN = {0003-486X},
   MRCLASS = {55.00 (18.00)},
  MRNUMBER = {0099653 (20 \#6092)},
MRREVIEWER = {G. Hirsch},
}

@article {morava,
    AUTHOR = {Morava, Jack},
     TITLE = {Forms of {$K$}-theory},
   JOURNAL = {Math. Z.},
  FJOURNAL = {Mathematische Zeitschrift},
    VOLUME = {201},
      YEAR = {1989},
    NUMBER = {3},
     PAGES = {401--428},
      ISSN = {0025-5874},
     CODEN = {MAZEAX},
   MRCLASS = {55N22 (11S31)},
  MRNUMBER = {999737 (90e:55011)},
MRREVIEWER = {P. S. Landweber},
       DOI = {10.1007/BF01214905},
       URL = {http://dx.doi.org/10.1007/BF01214905},
}

@book {moshertangora,
    AUTHOR = {Mosher, Robert E. and Tangora, Martin C.},
     TITLE = {Cohomology operations and applications in homotopy theory},
 PUBLISHER = {Harper \& Row Publishers},
   ADDRESS = {New York},
      YEAR = {1968},
     PAGES = {x+214},
   MRCLASS = {55.40},
  MRNUMBER = {0226634 (37 \#2223)},
MRREVIEWER = {Larry Smith},
}

@book {GIT,
    AUTHOR = {Mumford, D. and Fogarty, J. and Kirwan, F.},
     TITLE = {Geometric invariant theory},
    SERIES = {Ergebnisse der Mathematik und ihrer Grenzgebiete (2) [Results
              in Mathematics and Related Areas (2)]},
    VOLUME = {34},
   EDITION = {Third},
 PUBLISHER = {Springer-Verlag},
   ADDRESS = {Berlin},
      YEAR = {1994},
     PAGES = {xiv+292},
      ISBN = {3-540-56963-4},
   MRCLASS = {14D25 (58E05 58F05)},
  MRNUMBER = {1304906 (95m:14012)},
MRREVIEWER = {Yi Hu},
       DOI = {10.1007/978-3-642-57916-5},
       URL = {http://dx.doi.org/10.1007/978-3-642-57916-5},
}

@unpublished {pearson,
    AUTHOR = {Pearson, Paul},
     TITLE = {Calculating formal group laws},
      NOTE = {unpublished notes, available at \href{http://www.math.rochester.edu/people/faculty/pearson/papers/fgls-2up.pdf}{http://www.math.rochester.edu/people/faculty/pearson/papers/fgls-2up.pdf}},
}

@article {quillenfgl,
    AUTHOR = {Quillen, Daniel},
     TITLE = {On the formal group laws of unoriented and complex cobordism
              theory},
   JOURNAL = {Bull. Amer. Math. Soc.},
  FJOURNAL = {Bulletin of the American Mathematical Society},
    VOLUME = {75},
      YEAR = {1969},
     PAGES = {1293--1298},
      ISSN = {0002-9904},
   MRCLASS = {57.10},
  MRNUMBER = {0253350 (40 \#6565)},
MRREVIEWER = {R. E. Stong},
}

@article {quillenmu,
    AUTHOR = {Quillen, Daniel},
     TITLE = {Elementary proofs of some results of cobordism theory using
              {S}teenrod operations},
   JOURNAL = {Advances in Math.},
  FJOURNAL = {Advances in Mathematics},
    VOLUME = {7},
      YEAR = {1971},
     PAGES = {29--56 (1971)},
      ISSN = {0001-8708},
   MRCLASS = {57.10},
  MRNUMBER = {0290382 (44 \#7566)},
MRREVIEWER = {T. tom Dieck},
}

@book {orange,
    AUTHOR = {Ravenel, Douglas C.},
     TITLE = {Nilpotence and periodicity in stable homotopy theory},
    SERIES = {Annals of Mathematics Studies},
    VOLUME = {128},
      NOTE = {Appendix C by Jeff Smith},
 PUBLISHER = {Princeton University Press},
   ADDRESS = {Princeton, NJ},
      YEAR = {1992},
     PAGES = {xiv+209},
      ISBN = {0-691-02572-X},
   MRCLASS = {55P42 (55N22 55Q10 57R77)},
  MRNUMBER = {1192553 (94b:55015)},
MRREVIEWER = {N. J. Kuhn},
}

@unpublished {h2p2,
    AUTHOR = {Rezk, Charles},
     TITLE = {Power operations for {M}orava ${E}$-theory of height 2 at the prime 2},
      NOTE = {preprint, available at \href{http://arxiv.org/abs/0812.1320}{arXiv:0812.1320}},
}

@article {cong,
    AUTHOR = {Rezk, Charles},
     TITLE = {The congruence criterion for power operations in {M}orava
              {$E$}-theory},
   JOURNAL = {Homology, Homotopy Appl.},
  FJOURNAL = {Homology, Homotopy and Applications},
    VOLUME = {11},
      YEAR = {2009},
    NUMBER = {2},
     PAGES = {327--379},
      ISSN = {1532-0073},
   MRCLASS = {55S25 (14L05 55S12)},
  MRNUMBER = {2591924 (2011e:55021)},
MRREVIEWER = {Mark Hovey},
       URL = {http://projecteuclid.org/getRecord?id=euclid.hha/1296138524},
}

@unpublished {lpo,
    AUTHOR = {Rezk, Charles},
     TITLE = {Lectures on power operations},
      NOTE = {course notes, available at \href{http://www.math.uiuc.edu/~rezk/power-operation-lectures.dvi}{http://www.math.uiuc.edu/\textasciitilde rezk/power-operation-lectures.dvi}},
}

@unpublished {slides,
    AUTHOR = {Rezk, Charles},
     TITLE = {Power operations in {M}orava ${E}$-theory: a survey},
      NOTE = {slides for a talk at the Midwest Topology Seminar (Minneapolis, MN, 2009), available at \href{http://www.math.uiuc.edu/~rezk/midwest-2009-power-ops-handout.pdf}{http://www.math.uiuc.edu/\textasciitilde rezk/midwest-2009-power-ops-handout.pdf}},
}

@unpublished {koszul,
    AUTHOR = {Rezk, Charles},
     TITLE = {Rings of power operations for {M}orava ${E}$-theories are {K}oszul},
      NOTE = {preprint, available at \href{http://arxiv.org/abs/1204.4831}{arXiv:1204.4831}},
}

@incollection {Rnotes,
    AUTHOR = {Rezk, Charles},
     TITLE = {Notes on the {H}opkins-{M}iller theorem},
 BOOKTITLE = {Homotopy theory via algebraic geometry and group
              representations ({E}vanston, {IL}, 1997)},
    SERIES = {Contemp. Math.},
    VOLUME = {220},
     PAGES = {313--366},
 PUBLISHER = {Amer. Math. Soc.},
   ADDRESS = {Providence, RI},
      YEAR = {1998},
   MRCLASS = {55N22 (55S99)},
  MRNUMBER = {1642902 (2000i:55023)},
       DOI = {10.1090/conm/220/03107},
       URL = {http://dx.doi.org/10.1090/conm/220/03107},
}

@article {segal,
    AUTHOR = {Segal, Graeme},
     TITLE = {Equivariant {$K$}-theory},
   JOURNAL = {Inst. Hautes \'Etudes Sci. Publ. Math.},
  FJOURNAL = {Institut des Hautes \'Etudes Scientifiques. Publications
              Math\'ematiques},
    NUMBER = {34},
      YEAR = {1968},
     PAGES = {129--151},
      ISSN = {0073-8301},
   MRCLASS = {55.30},
  MRNUMBER = {0234452 (38 \#2769)},
MRREVIEWER = {S. Y. Husseini},
}

@article {serre,
    AUTHOR = {Serre, Jean-Pierre},
     TITLE = {Cohomologie modulo {$2$} des complexes
              d'{E}ilenberg-{M}ac{L}ane},
   JOURNAL = {Comment. Math. Helv.},
  FJOURNAL = {Commentarii Mathematici Helvetici},
    VOLUME = {27},
      YEAR = {1953},
     PAGES = {198--232},
      ISSN = {0010-2571},
   MRCLASS = {56.0X},
  MRNUMBER = {0060234 (15,643c)},
MRREVIEWER = {W. S. Massey},
}

@book {AEC,
    AUTHOR = {Silverman, Joseph H.},
     TITLE = {The arithmetic of elliptic curves},
    SERIES = {Graduate Texts in Mathematics},
    VOLUME = {106},
   EDITION = {Second},
 PUBLISHER = {Springer},
   ADDRESS = {Dordrecht},
      YEAR = {2009},
     PAGES = {xx+513},
      ISBN = {978-0-387-09493-9},
   MRCLASS = {11-02 (11G05 11G20 14H52 14K15)},
  MRNUMBER = {2514094 (2010i:11005)},
MRREVIEWER = {Vasil{\cprime} {\=I}. Andr{\={\i}}{\u\i}chuk},
       DOI = {10.1007/978-0-387-09494-6},
       URL = {http://dx.doi.org/10.1007/978-0-387-09494-6},
}

@book {AECII,
    AUTHOR = {Silverman, Joseph H.},
     TITLE = {Advanced topics in the arithmetic of elliptic curves},
    SERIES = {Graduate Texts in Mathematics},
    VOLUME = {151},
 PUBLISHER = {Springer-Verlag},
   ADDRESS = {New York},
      YEAR = {1994},
     PAGES = {xiv+525},
      ISBN = {0-387-94328-5},
   MRCLASS = {11G05 (11G07 11G15 11G40 14H52)},
  MRNUMBER = {1312368 (96b:11074)},
MRREVIEWER = {Henri Darmon},
       DOI = {10.1007/978-1-4612-0851-8},
       URL = {http://dx.doi.org/10.1007/978-1-4612-0851-8},
}

@book {steenrod,
    AUTHOR = {Steenrod, N. E.},
     TITLE = {Cohomology operations},
    SERIES = {Lectures by N. E. Steenrod written and revised by D. B. A.
              Epstein. Annals of Mathematics Studies, No. 50},
 PUBLISHER = {Princeton University Press},
   ADDRESS = {Princeton, N.J.},
      YEAR = {1962},
     PAGES = {vii+139},
   MRCLASS = {55.34},
  MRNUMBER = {0145525 (26 \#3056)},
MRREVIEWER = {S.-T. Hu},
}

@article {steenrodwhitehead,
    AUTHOR = {Steenrod, N. E. and Whitehead, J. H. C.},
     TITLE = {Vector fields on the {$n$}-sphere},
   JOURNAL = {Proc. Nat. Acad. Sci. U. S. A.},
  FJOURNAL = {Proceedings of the National Academy of Sciences of the United
              States of America},
    VOLUME = {37},
      YEAR = {1951},
     PAGES = {58--63},
      ISSN = {0027-8424},
   MRCLASS = {56.0X},
  MRNUMBER = {0041436 (12,847c)},
MRREVIEWER = {H. Cartan},
}

@article {Str97,
    AUTHOR = {Strickland, Neil P.},
     TITLE = {Finite subgroups of formal groups},
   JOURNAL = {J. Pure Appl. Algebra},
  FJOURNAL = {Journal of Pure and Applied Algebra},
    VOLUME = {121},
      YEAR = {1997},
    NUMBER = {2},
     PAGES = {161--208},
      ISSN = {0022-4049},
     CODEN = {JPAAA2},
   MRCLASS = {14L05 (55N22)},
  MRNUMBER = {1473889 (98k:14065)},
MRREVIEWER = {Antoine Chambert-Loir},
       DOI = {10.1016/S0022-4049(96)00113-2},
       URL = {http://dx.doi.org/10.1016/S0022-4049(96)00113-2},
}

@article {Str98,
    AUTHOR = {Strickland, N. P.},
     TITLE = {Morava {$E$}-theory of symmetric groups},
   JOURNAL = {Topology},
  FJOURNAL = {Topology. An International Journal of Mathematics},
    VOLUME = {37},
      YEAR = {1998},
    NUMBER = {4},
     PAGES = {757--779},
      ISSN = {0040-9383},
     CODEN = {TPLGAF},
   MRCLASS = {55N22 (55P42 55R40)},
  MRNUMBER = {1607736 (99e:55008)},
MRREVIEWER = {John Hunton},
       DOI = {10.1016/S0040-9383(97)00054-2},
       URL = {http://dx.doi.org/10.1016/S0040-9383(97)00054-2},
}

@incollection {tate,
    AUTHOR = {Tate, J. T.},
     TITLE = {{$p$}-{D}ivisible groups},
 BOOKTITLE = {Proc. {C}onf. {L}ocal {F}ields ({D}riebergen, 1966)},
     PAGES = {158--183},
 PUBLISHER = {Springer},
   ADDRESS = {Berlin},
      YEAR = {1967},
   MRCLASS = {14.50},
  MRNUMBER = {0231827 (38 \#155)},
MRREVIEWER = {M. Miyanishi},
}

@article {tateoort,
    AUTHOR = {Tate, John and Oort, Frans},
     TITLE = {Group schemes of prime order},
   JOURNAL = {Ann. Sci. \'Ecole Norm. Sup. (4)},
  FJOURNAL = {Annales Scientifiques de l'\'Ecole Normale Sup\'erieure.
              Quatri\`eme S\'erie},
    VOLUME = {3},
      YEAR = {1970},
     PAGES = {1--21},
      ISSN = {0012-9593},
   MRCLASS = {14.50},
  MRNUMBER = {0265368 (42 \#278)},
MRREVIEWER = {J. S. Milne},
}

@article {tomdieck,
    AUTHOR = {tom Dieck, Tammo},
     TITLE = {Steenrod-{O}perationen in {K}obordismen-{T}heorien},
   JOURNAL = {Math. Z.},
  FJOURNAL = {Mathematische Zeitschrift},
    VOLUME = {107},
      YEAR = {1968},
     PAGES = {380--401},
      ISSN = {0025-5874},
   MRCLASS = {55.34 (57.00)},
  MRNUMBER = {0244989 (39 \#6302)},
MRREVIEWER = {C. M. Naylor},
}

@article {velu,
    AUTHOR = {V{\'e}lu, Jacques},
     TITLE = {Isog\'enies entre courbes elliptiques},
   JOURNAL = {C. R. Acad. Sci. Paris S\'er. A-B},
    VOLUME = {273},
      YEAR = {1971},
     PAGES = {A238--A241},
   MRCLASS = {14H99},
  MRNUMBER = {0294345 (45 \#3414)},
MRREVIEWER = {J. C. Fogarty},
}

@article {V,
    AUTHOR = {Voevodsky, Vladimir},
     TITLE = {Reduced power operations in motivic cohomology},
   JOURNAL = {Publ. Math. Inst. Hautes \'Etudes Sci.},
  FJOURNAL = {Publications Math\'ematiques. Institut de Hautes \'Etudes
              Scientifiques},
    NUMBER = {98},
      YEAR = {2003},
     PAGES = {1--57},
      ISSN = {0073-8301},
   MRCLASS = {14F42 (12G05 19D45 19E15)},
  MRNUMBER = {2031198 (2005b:14038a)},
MRREVIEWER = {Eric M. Friedlander},
       DOI = {10.1007/s10240-003-0009-z},
       URL = {http://dx.doi.org/10.1007/s10240-003-0009-z},
}

@unpublished {wahl,
    AUTHOR = {Wahl, Nathalie},
     TITLE = {Ribbon {B}raids and related operads},
      YEAR = {2001},
      NOTE = {Thesis (Ph.D.)--University of Oxford, 2001, available at \href{http://www.math.ku.dk/~wahl/wahlthesis.ps}{http://www.math.ku.dk/\textasciitilde wahl/wahlthesis.ps}},
}

@article {wilkerson,
    AUTHOR = {Wilkerson, Clarence},
     TITLE = {Lambda-rings, binomial domains, and vector bundles over {${\bf
              C}P(\infty )$}},
   JOURNAL = {Comm. Algebra},
  FJOURNAL = {Communications in Algebra},
    VOLUME = {10},
      YEAR = {1982},
    NUMBER = {3},
     PAGES = {311--328},
      ISSN = {0092-7872},
     CODEN = {COALDM},
   MRCLASS = {55N15 (13B99)},
  MRNUMBER = {651605 (83f:55003)},
MRREVIEWER = {J. F. Adams},
       DOI = {10.1080/00927878208822717},
       URL = {http://dx.doi.org/10.1080/00927878208822717},
}