@article {andoduke,
    AUTHOR = {Ando, Matthew},
     TITLE = {Isogenies of formal group laws and power operations in the
              cohomology theories {$E\sb n$}},
   JOURNAL = {Duke Math. J.},
  FJOURNAL = {Duke Mathematical Journal},
    VOLUME = {79},
      YEAR = {1995},
    NUMBER = {2},
     PAGES = {423--485},
      ISSN = {0012-7094},
     CODEN = {DUMJAO},
   MRCLASS = {55N22 (14L05)},
     MRKEY = {1344767},
MRREVIEWER = {P. S. Landweber},
       DOI = {10.1215/S0012-7094-95-07911-3},
       URL = {http://dx.doi.org/10.1215/S0012-7094-95-07911-3},
}

@article {cube,
    AUTHOR = {Ando, M. and Hopkins, M. J. and Strickland, N. P.},
     TITLE = {Elliptic spectra, the {W}itten genus and the theorem of the
              cube},
   JOURNAL = {Invent. Math.},
  FJOURNAL = {Inventiones Mathematicae},
    VOLUME = {146},
      YEAR = {2001},
    NUMBER = {3},
     PAGES = {595--687},
      ISSN = {0020-9910},
     CODEN = {INVMBH},
   MRCLASS = {55N34 (14H52 58J26)},
     MRKEY = {1869850},
MRREVIEWER = {Mark Hovey},
       DOI = {10.1007/s002220100175},
       URL = {http://dx.doi.org/10.1007/s002220100175},
}

@article {poonen,
    AUTHOR = {Baker, Matthew H. and Gonz{\'a}lez-Jim{\'e}nez, Enrique and
              Gonz{\'a}lez, Josep and Poonen, Bjorn},
     TITLE = {Finiteness results for modular curves of genus at least 2},
   JOURNAL = {Amer. J. Math.},
  FJOURNAL = {American Journal of Mathematics},
    VOLUME = {127},
      YEAR = {2005},
    NUMBER = {6},
     PAGES = {1325--1387},
      ISSN = {0002-9327},
     CODEN = {AJMAAN},
   MRCLASS = {11G18},
     MRKEY = {2183527},
MRREVIEWER = {Mihran Papikian},
       URL = {http://muse.jhu.edu/journals/american_journal_of_mathematics/v127/127.6baker.pdf},
     ARXIV = {math/0211394},
}

@article {BW,
    AUTHOR = {Borger, James and Wieland, Ben},
     TITLE = {Plethystic algebra},
   JOURNAL = {Adv. Math.},
  FJOURNAL = {Advances in Mathematics},
    VOLUME = {194},
      YEAR = {2005},
    NUMBER = {2},
     PAGES = {246--283},
      ISSN = {0001-8708},
     CODEN = {ADMTA4},
   MRCLASS = {13K05 (13A99 16W30)},
     MRKEY = {2139914},
MRREVIEWER = {Stefaan Caenepeel},
       DOI = {10.1016/j.aim.2004.06.006},
       URL = {http://dx.doi.org/10.1016/j.aim.2004.06.006},
     ARXIV = {math/0407227},
}

@book {H_infty,
    AUTHOR = {Bruner, R. R. and May, J. P. and McClure, J. E. and
              Steinberger, M.},
     TITLE = {{$H\sb \infty $} ring spectra and their applications},
    SERIES = {Lecture Notes in Mathematics},
    VOLUME = {1176},
 PUBLISHER = {Springer-Verlag},
   ADDRESS = {Berlin},
      YEAR = {1986},
     PAGES = {viii+388},
      ISBN = {3-540-16434-0},
   MRCLASS = {55-02 (55P42 55Sxx)},
     MRKEY = {836132},
MRREVIEWER = {Haynes R. Miller},
}

@book {EKMM,
    AUTHOR = {Elmendorf, A. D. and Kriz, I. and Mandell, M. A. and May, J.
              P.},
     TITLE = {Rings, modules, and algebras in stable homotopy theory},
    SERIES = {Mathematical Surveys and Monographs},
    VOLUME = {47},
 PUBLISHER = {With an appendix by M Cole, American Mathematical Society},
   ADDRESS = {Providence, RI},
      YEAR = {1997},
     PAGES = {xii+249},
      ISBN = {0-8218-0638-6},
   MRCLASS = {55N20 (19D10 19D55 55P42 55T25)},
     MRKEY = {1417719},
MRREVIEWER = {Donald M. Davis},
}

@incollection {GH,
    AUTHOR = {Goerss, P. G. and Hopkins, M. J.},
     TITLE = {Moduli spaces of commutative ring spectra},
 BOOKTITLE = {Structured ring spectra},
    SERIES = {London Math. Soc. Lecture Note Ser.},
    VOLUME = {315},
     PAGES = {151--200},
 PUBLISHER = {Cambridge Univ. Press},
   ADDRESS = {Cambridge},
      YEAR = {2004},
   MRCLASS = {55P43},
     MRKEY = {2125040},
MRREVIEWER = {Birgit Richter},
       DOI = {10.1017/CBO9780511529955.009},
       URL = {http://dx.doi.org/10.1017/CBO9780511529955.009},
}

@unpublished {hopkins,
    AUTHOR = {Hopkins, M. J.},
     TITLE = {{$K(1)$}--local {$E\sb \infty $} ring spectra},
      NOTE = {, unpublished notes, available at \href{http://www.math.rochester.edu/people/faculty/doug/otherpapers/knlocal.pdf}{http://www.math.rochester.edu/people/faculty/doug/otherpapers/knlocal.pdf}},
}

@article {hovey,
    AUTHOR = {Hovey, Mark A.},
     TITLE = {{$\upsilon\sb n$}--elements in ring spectra and applications to
              bordism theory},
   JOURNAL = {Duke Math. J.},
  FJOURNAL = {Duke Mathematical Journal},
    VOLUME = {88},
      YEAR = {1997},
    NUMBER = {2},
     PAGES = {327--356},
      ISSN = {0012-7094},
     CODEN = {DUMJAO},
   MRCLASS = {55P60 (55N22)},
     MRKEY = {1455523},
MRREVIEWER = {R. E. Stong},
       DOI = {10.1215/S0012-7094-97-08813-X},
       URL = {http://dx.doi.org/10.1215/S0012-7094-97-08813-X},
}

@book {husemoller,
    AUTHOR = {Husem{\"o}ller, Dale},
     TITLE = {Elliptic curves},
    SERIES = {Graduate Texts in Mathematics},
    VOLUME = {111},
   EDITION = {Second},
 PUBLISHER = {With appendices by Otto Forster, Ruth Lawrence and Stefan
              Theisen, Springer-Verlag},
   ADDRESS = {New York},
      YEAR = {2004},
     PAGES = {xxii+487},
      ISBN = {0-387-95490-2},
   MRCLASS = {11G05 (11-01 14G25 14H52 81T30 94A60)},
     MRKEY = {2024529},
MRREVIEWER = {Joseph H. Silverman},
}

@book {KM,
    AUTHOR = {Katz, Nicholas M. and Mazur, Barry},
     TITLE = {Arithmetic moduli of elliptic curves},
    SERIES = {Annals of Mathematics Studies},
    VOLUME = {108},
 PUBLISHER = {Princeton University Press},
   ADDRESS = {Princeton, NJ},
      YEAR = {1985},
     PAGES = {xiv+514},
      ISBN = {0-691-08349-5; 0-691-08352-5},
   MRCLASS = {11G05 (11F11 14G25 14K15)},
     MRKEY = {772569},
MRREVIEWER = {Kenneth A. Ribet},
}

@article {tmf3,
    AUTHOR = {Mahowald, Mark and Rezk, Charles},
     TITLE = {Topological modular forms of level 3},
   JOURNAL = {Pure Appl. Math. Q.},
  FJOURNAL = {Pure and Applied Mathematics Quarterly},
    VOLUME = {5},
      YEAR = {2009},
    NUMBER = {2, Special Issue: In honor of Friedrich Hirzebruch. Part
              1},
     PAGES = {853--872},
      ISSN = {1558-8599},
   MRCLASS = {55N34 (11F23 55P42)},
     MRKEY = {2508904},
MRREVIEWER = {Tyler D. Lawson},
     ARXIV = {0812.2009},
}

@unpublished {MGPS,
    AUTHOR = {Mazel-Gee, Aaron and Peterson, Eric and Stapleton, Nathaniel},
     TITLE = {A relative {L}ubin--{T}ate theorem via meromorphic formal geometry},
     ARXIV = {1308.5435},
}

@unpublished {lpo,
    AUTHOR = {Rezk, Charles},
     TITLE = {Lectures on power operations},
      NOTE = {, course notes, available at \href{http://www.math.uiuc.edu/~rezk/power-operation-lectures.dvi}{http://www.\linebreak math.uiuc.edu/\textasciitilde rezk/power-operation-lectures.dvi}},
}

@unpublished {h2p2,
    AUTHOR = {Rezk, Charles},
     TITLE = {Power operations for {M}orava ${E}$--theory of height 2 at the prime 2},
     ARXIV = {0812.1320},
}

@article {cong,
    AUTHOR = {Rezk, Charles},
     TITLE = {The congruence criterion for power operations in {M}orava
              {$E$}--theory},
   JOURNAL = {Homology, Homotopy Appl.},
  FJOURNAL = {Homology, Homotopy and Applications},
    VOLUME = {11},
      YEAR = {2009},
    NUMBER = {2},
     PAGES = {327--379},
      ISSN = {1532-0073},
   MRCLASS = {55S25 (14L05 55S12)},
     MRKEY = {2591924},
MRREVIEWER = {Mark Hovey},
       URL = {http://projecteuclid.org/getRecord?id=euclid.hha/1296138524},
     ARXIV = {0902.2499},
}

@book {AEC,
    AUTHOR = {Silverman, Joseph H.},
     TITLE = {The arithmetic of elliptic curves},
    SERIES = {Graduate Texts in Mathematics},
    VOLUME = {106},
   EDITION = {Second},
 PUBLISHER = {Springer},
   ADDRESS = {Dordrecht},
      YEAR = {2009},
     PAGES = {xx+513},
      ISBN = {978-0-387-09493-9},
   MRCLASS = {11-02 (11G05 11G20 14H52 14K15)},
     MRKEY = {2514094},
MRREVIEWER = {Vasil{\cprime} {\=I}. Andr{\={\i}}{\u\i}chuk},
       DOI = {10.1007/978-0-387-09494-6},
       URL = {http://dx.doi.org/10.1007/978-0-387-09494-6},
}

@book {steenrod,
    AUTHOR = {Steenrod, N. E.},
     TITLE = {Cohomology operations},
    SERIES = {Lectures by N\,E Steenrod written and revised by D\,B\,A
              Epstein. Annals of Mathematics Studies, No. 50},
 PUBLISHER = {Princeton University Press},
   ADDRESS = {Princeton, N.J.},
      YEAR = {1962},
     PAGES = {vii+139},
   MRCLASS = {55.34},
     MRKEY = {0145525},
MRREVIEWER = {S.-T. Hu},
}

@article {Str98,
    AUTHOR = {Strickland, N. P.},
     TITLE = {Morava {$E$}--theory of symmetric groups},
   JOURNAL = {Topology},
  FJOURNAL = {Topology. An International Journal of Mathematics},
    VOLUME = {37},
      YEAR = {1998},
    NUMBER = {4},
     PAGES = {757--779},
      ISSN = {0040-9383},
     CODEN = {TPLGAF},
   MRCLASS = {55N22 (55P42 55R40)},
     MRKEY = {1607736},
MRREVIEWER = {John Hunton},
       DOI = {10.1016/S0040-9383(97)00054-2},
       URL = {http://dx.doi.org/10.1016/S0040-9383(97)00054-2},
     ARXIV = {math/9801125},
}

@article {V,
    AUTHOR = {Voevodsky, Vladimir},
     TITLE = {Reduced power operations in motivic cohomology},
   JOURNAL = {Publ. Math. Inst. Hautes \'Etudes Sci.},
  FJOURNAL = {Publications Math\'ematiques. Institut de Hautes \'Etudes
              Scientifiques},
    NUMBER = {98},
      YEAR = {2003},
     PAGES = {1--57},
      ISSN = {0073-8301},
   MRCLASS = {14F42 (12G05 19D45 19E15)},
     MRKEY = {2031198},
MRREVIEWER = {Eric M. Friedlander},
       DOI = {10.1007/s10240-003-0009-z},
       URL = {http://dx.doi.org/10.1007/s10240-003-0009-z},
     ARXIV = {math/0107109},
}
