@Preamble{"\def\cprime{$'$} "}

@article {adamshopf,
    AUTHOR = {Adams, J. F.},
     TITLE = {On the non-existence of elements of {H}opf invariant one},
   JOURNAL = {Ann. of Math. (2)},
  FJOURNAL = {Annals of Mathematics. Second Series},
    VOLUME = {72},
      YEAR = {1960},
     PAGES = {20--104},
      ISSN = {0003-486X},
   MRCLASS = {55.40},
  MRNUMBER = {0141119 (25 \#4530)},
MRREVIEWER = {M. A. Kervaire},
}

@article {adamsvector,
    AUTHOR = {Adams, J. F.},
     TITLE = {Vector fields on spheres},
   JOURNAL = {Ann. of Math. (2)},
  FJOURNAL = {Annals of Mathematics. Second Series},
    VOLUME = {75},
      YEAR = {1962},
     PAGES = {603--632},
      ISSN = {0003-486X},
   MRCLASS = {57.30},
  MRNUMBER = {0139178 (25 \#2614)},
MRREVIEWER = {M. F. Atiyah},
}

@article {adem,
    AUTHOR = {Adem, Jos{\'e}},
     TITLE = {The iteration of the {S}teenrod squares in algebraic topology},
   JOURNAL = {Proc. Nat. Acad. Sci. U. S. A.},
  FJOURNAL = {Proceedings of the National Academy of Sciences of the United
              States of America},
    VOLUME = {38},
      YEAR = {1952},
     PAGES = {720--726},
      ISSN = {0027-8424},
   MRCLASS = {56.0X},
  MRNUMBER = {0050278 (14,306e)},
MRREVIEWER = {W. S. Massey},
}

@article {andoduke,
    AUTHOR = {Ando, Matthew},
     TITLE = {Isogenies of formal group laws and power operations in the
              cohomology theories {$E\sb n$}},
   JOURNAL = {Duke Math. J.},
  FJOURNAL = {Duke Mathematical Journal},
    VOLUME = {79},
      YEAR = {1995},
    NUMBER = {2},
     PAGES = {423--485},
      ISSN = {0012-7094},
     CODEN = {DUMJAO},
   MRCLASS = {55N22 (14L05)},
  MRNUMBER = {1344767 (97a:55006)},
MRREVIEWER = {P. S. Landweber},
       DOI = {10.1215/S0012-7094-95-07911-3},
       URL = {http://dx.doi.org/10.1215/S0012-7094-95-07911-3},
}

@article {andotrans,
    AUTHOR = {Ando, Matthew},
     TITLE = {Power operations in elliptic cohomology and representations of
              loop groups},
   JOURNAL = {Trans. Amer. Math. Soc.},
  FJOURNAL = {Transactions of the American Mathematical Society},
    VOLUME = {352},
      YEAR = {2000},
    NUMBER = {12},
     PAGES = {5619--5666},
      ISSN = {0002-9947},
     CODEN = {TAMTAM},
   MRCLASS = {55N35 (11F11 14H52 22E67)},
  MRNUMBER = {1637129 (2001b:55016)},
MRREVIEWER = {Mark Hovey},
       DOI = {10.1090/S0002-9947-00-02412-0},
       URL = {http://dx.doi.org/10.1090/S0002-9947-00-02412-0},
}

@article {AHS04,
    AUTHOR = {Ando, Matthew and Hopkins, Michael J. and Strickland, Neil P.},
     TITLE = {The sigma orientation is an {$H\sb \infty$} map},
   JOURNAL = {Amer. J. Math.},
  FJOURNAL = {American Journal of Mathematics},
    VOLUME = {126},
      YEAR = {2004},
    NUMBER = {2},
     PAGES = {247--334},
      ISSN = {0002-9327},
     CODEN = {AJMAAN},
   MRCLASS = {55N34 (55P42 55P43)},
  MRNUMBER = {2045503 (2005d:55009)},
MRREVIEWER = {Paul G. Goerss},
       URL =
              {http://muse.jhu.edu/journals/american_journal_of_mathematics/v126/126.2ando.pdf},
}

@article {atiyah,
    AUTHOR = {Atiyah, M. F.},
     TITLE = {Power operations in {$K$}-theory},
   JOURNAL = {Quart. J. Math. Oxford Ser. (2)},
  FJOURNAL = {The Quarterly Journal of Mathematics. Oxford. Second Series},
    VOLUME = {17},
      YEAR = {1966},
     PAGES = {165--193},
      ISSN = {0033-5606},
   MRCLASS = {55.32},
  MRNUMBER = {0202130 (34 \#2004)},
MRREVIEWER = {J. F. Adams},
}

@unpublished {bauer,
    AUTHOR = {Bauer, Tilman},
     TITLE = {Formal plethories},
      NOTE = {preprint, available at \href{http://arxiv.org/abs/1107.5745}{arXiv:1107.5745}},
}

@misc {behrenslec,
    AUTHOR = {Behrens, Mark},
     TITLE = {Exotic spheres and topological modular forms},
      NOTE = {talk on joint work with Mike Hill, Mike Hopkins, and Mark Mahowald, available at \href{http://www.ima.umn.edu/videos/index.php?id=1789}{http://www.ima.umn.edu/videos/index.php?id=1789}},
}

@article {behrens,
    AUTHOR = {Behrens, Mark},
     TITLE = {A modular description of the {$K(2)$}-local sphere at the
              prime 3},
   JOURNAL = {Topology},
  FJOURNAL = {Topology. An International Journal of Mathematics},
    VOLUME = {45},
      YEAR = {2006},
    NUMBER = {2},
     PAGES = {343--402},
      ISSN = {0040-9383},
     CODEN = {TPLGAF},
   MRCLASS = {55Q40 (11F23 14H52 55N34 55Q51 55S05)},
  MRNUMBER = {2193339 (2006i:55016)},
MRREVIEWER = {Mark Hovey},
       DOI = {10.1016/j.top.2005.08.005},
       URL = {http://dx.doi.org/10.1016/j.top.2005.08.005},
}

@unpublished {behrensormsby,
    AUTHOR = {Behrens, Mark and Ormsby, Kyle},
     TITLE = {On the homotopy of ${Q}(3)$ and ${Q}(5)$ at the prime 2},
      NOTE = {preprint, available at \href{http://arxiv.org/abs/1211.0076}{arXiv:1211.0076}},
}

@article {BW,
    AUTHOR = {Borger, James and Wieland, Ben},
     TITLE = {Plethystic algebra},
   JOURNAL = {Adv. Math.},
  FJOURNAL = {Advances in Mathematics},
    VOLUME = {194},
      YEAR = {2005},
    NUMBER = {2},
     PAGES = {246--283},
      ISSN = {0001-8708},
     CODEN = {ADMTA4},
   MRCLASS = {13K05 (13A99 16W30)},
  MRNUMBER = {2139914 (2006i:13044)},
MRREVIEWER = {Stefaan Caenepeel},
       DOI = {10.1016/j.aim.2004.06.006},
       URL = {http://dx.doi.org/10.1016/j.aim.2004.06.006},
}

@book {H_infty,
    AUTHOR = {Bruner, R. R. and May, J. P. and McClure, J. E. and
              Steinberger, M.},
     TITLE = {{$H\sb \infty $} ring spectra and their applications},
    SERIES = {Lecture Notes in Mathematics},
    VOLUME = {1176},
 PUBLISHER = {Springer-Verlag},
   ADDRESS = {Berlin},
      YEAR = {1986},
     PAGES = {viii+388},
      ISBN = {3-540-16434-0},
   MRCLASS = {55-02 (55P42 55Sxx)},
  MRNUMBER = {836132 (88e:55001)},
MRREVIEWER = {Haynes R. Miller},
}

@article {bullettmacdonald,
    AUTHOR = {Bullett, S. R. and Macdonald, I. G.},
     TITLE = {On the {A}dem relations},
   JOURNAL = {Topology},
  FJOURNAL = {Topology. An International Journal of Mathematics},
    VOLUME = {21},
      YEAR = {1982},
    NUMBER = {3},
     PAGES = {329--332},
      ISSN = {0040-9383},
     CODEN = {TPLGAF},
   MRCLASS = {55S05 (55S10)},
  MRNUMBER = {649764 (83h:55035)},
MRREVIEWER = {Frederick Cohen},
       DOI = {10.1016/0040-9383(82)90015-5},
       URL = {http://dx.doi.org/10.1016/0040-9383(82)90015-5},
}

@article {davis,
    AUTHOR = {Davis, Donald M.},
     TITLE = {Some new nonimmersion results for real projective spaces},
   JOURNAL = {Bol. Soc. Mat. Mexicana (3)},
  FJOURNAL = {Sociedad Matem\'atica Mexicana. Bolet\'\i n. Tercera Serie},
    VOLUME = {17},
      YEAR = {2011},
    NUMBER = {2},
     PAGES = {159--166},
      ISSN = {1405-213X},
   MRCLASS = {57Rxx (55Nxx)},
  MRNUMBER = {2986078},
}

@unpublished {ganterTate,
    AUTHOR = {Ganter, Nora},
     TITLE = {Stringy power operations in {T}ate ${K}$-theory},
      NOTE = {preprint, available at \href{http://arxiv.org/abs/math/0701565}{arXiv:0701565}},
}

@article {blind,
    AUTHOR = {Greenlees, J. P. C.},
     TITLE = {How blind is your favourite cohomology theory?},
   JOURNAL = {Exposition. Math.},
  FJOURNAL = {Expositiones Mathematicae. International Journal for Pure and
              Applied Mathematics},
    VOLUME = {6},
      YEAR = {1988},
    NUMBER = {3},
     PAGES = {193--208},
      ISSN = {0723-0869},
   MRCLASS = {55-02 (55N20 55T15)},
  MRNUMBER = {949783 (89j:55001)},
MRREVIEWER = {John McCleary},
}

@book {FG,
    AUTHOR = {Hazewinkel, Michiel},
     TITLE = {Formal groups and applications},
    SERIES = {Pure and Applied Mathematics},
    VOLUME = {78},
 PUBLISHER = {Academic Press Inc. [Harcourt Brace Jovanovich Publishers]},
   ADDRESS = {New York},
      YEAR = {1978},
     PAGES = {xxii+573pp},
      ISBN = {0-12-335150-2},
   MRCLASS = {14L05 (10D30 12B25 55N22)},
  MRNUMBER = {506881 (82a:14020)},
MRREVIEWER = {Robert A. Morris},
}

@unpublished {hopkinsmahowald,
    AUTHOR = {Hopkins, Mike and Mahowald, Mark},
     TITLE = {From elliptic curves to homotopy theory},
      NOTE = {preprint, available at \href{http://hopf.math.purdue.edu//Hopkins-Mahowald/eo2homotopy.pdf}{http://hopf.math.purdue.edu//Hopkins-Mahowald/eo2homotopy.pdf}},
}

@unpublished {hopkins,
    AUTHOR = {Hopkins, M. J.},
     TITLE = {{$K(1)$}-local {$E\sb \infty $} ring spectra},
      NOTE = {unpublished notes, available at \href{http://www.math.rochester.edu/people/faculty/doug/otherpapers/knlocal.pdf}{http://www.math.rochester.edu/people/faculty/doug/otherpapers/knlocal.pdf}},
}

@book {KM,
    AUTHOR = {Katz, Nicholas M. and Mazur, Barry},
     TITLE = {Arithmetic moduli of elliptic curves},
    SERIES = {Annals of Mathematics Studies},
    VOLUME = {108},
 PUBLISHER = {Princeton University Press},
   ADDRESS = {Princeton, NJ},
      YEAR = {1985},
     PAGES = {xiv+514},
      ISBN = {0-691-08349-5; 0-691-08352-5},
   MRCLASS = {11G05 (11F11 14G25 14K15)},
  MRNUMBER = {772569 (86i:11024)},
MRREVIEWER = {Kenneth A. Ribet},
}

@book {lazard,
    AUTHOR = {Lazard, Michel},
     TITLE = {Commutative formal groups},
    SERIES = {Lecture Notes in Mathematics, Vol. 443},
 PUBLISHER = {Springer-Verlag},
   ADDRESS = {Berlin},
      YEAR = {1975},
     PAGES = {ii+236},
   MRCLASS = {14L05},
  MRNUMBER = {0393050 (52 \#13861)},
MRREVIEWER = {Robert A. Morris},
}

@incollection {tafoverview,
    AUTHOR = {Lawson, Tyler},
     TITLE = {An overview of abelian varieties in homotopy theory},
 BOOKTITLE = {New topological contexts for {G}alois theory and algebraic
              geometry ({BIRS} 2008)},
    SERIES = {Geom. Topol. Monogr.},
    VOLUME = {16},
     PAGES = {179--214},
 PUBLISHER = {Geom. Topol. Publ., Coventry},
      YEAR = {2009},
   MRCLASS = {55N20 (55N15 55N34 55P43)},
  MRNUMBER = {2544390 (2010i:55006)},
MRREVIEWER = {Michael A. Hill},
       DOI = {10.2140/gtm.2009.16.179},
       URL = {http://dx.doi.org/10.2140/gtm.2009.16.179},
}

@article {level3,
    AUTHOR = {Lawson, Tyler and Naumann, Niko},
     TITLE = {Commutativity conditions for truncated {B}rown-{P}eterson
              spectra of height 2},
   JOURNAL = {J. Topol.},
  FJOURNAL = {Journal of Topology},
    VOLUME = {5},
      YEAR = {2012},
    NUMBER = {1},
     PAGES = {137--168},
      ISSN = {1753-8416},
   MRCLASS = {55P42 (55N22 55N34 55P43)},
  MRNUMBER = {2897051},
MRREVIEWER = {Rui Miguel Saramago},
       DOI = {10.1112/jtopol/jtr030},
       URL = {http://dx.doi.org/10.1112/jtopol/jtr030},
}

@incollection {survey,
    AUTHOR = {Lurie, J.},
     TITLE = {A survey of elliptic cohomology},
 BOOKTITLE = {Algebraic topology},
    SERIES = {Abel Symp.},
    VOLUME = {4},
     PAGES = {219--277},
 PUBLISHER = {Springer},
   ADDRESS = {Berlin},
      YEAR = {2009},
   MRCLASS = {55N34 (55P43)},
  MRNUMBER = {2597740 (2011f:55009)},
MRREVIEWER = {Tyler D. Lawson},
       DOI = {10.1007/978-3-642-01200-6_9},
       URL = {http://dx.doi.org/10.1007/978-3-642-01200-6_9},
}

@article {tmf3,
    AUTHOR = {Mahowald, Mark and Rezk, Charles},
     TITLE = {Topological modular forms of level 3},
   JOURNAL = {Pure Appl. Math. Q.},
  FJOURNAL = {Pure and Applied Mathematics Quarterly},
    VOLUME = {5},
      YEAR = {2009},
    NUMBER = {2, Special Issue: In honor of Friedrich Hirzebruch. Part
              1},
     PAGES = {853--872},
      ISSN = {1558-8599},
   MRCLASS = {55N34 (11F23 55P42)},
  MRNUMBER = {2508904 (2010g:55010)},
MRREVIEWER = {Tyler D. Lawson},
}

@article {mcclure,
    AUTHOR = {McClure, James E.},
     TITLE = {Dyer-{L}ashof operations in {$K$}-theory},
   JOURNAL = {Bull. Amer. Math. Soc. (N.S.)},
  FJOURNAL = {American Mathematical Society. Bulletin. New Series},
    VOLUME = {8},
      YEAR = {1983},
    NUMBER = {1},
     PAGES = {67--72},
      ISSN = {0273-0979},
     CODEN = {BAMOAD},
   MRCLASS = {55S12 (55P47)},
  MRNUMBER = {682824 (84e:55014)},
MRREVIEWER = {Harvey Margolis},
       DOI = {10.1090/S0273-0979-1983-15086-3},
       URL = {http://dx.doi.org/10.1090/S0273-0979-1983-15086-3},
}

@article {milnor,
    AUTHOR = {Milnor, John},
     TITLE = {The {S}teenrod algebra and its dual},
   JOURNAL = {Ann. of Math. (2)},
  FJOURNAL = {Annals of Mathematics. Second Series},
    VOLUME = {67},
      YEAR = {1958},
     PAGES = {150--171},
      ISSN = {0003-486X},
   MRCLASS = {55.00 (18.00)},
  MRNUMBER = {0099653 (20 \#6092)},
MRREVIEWER = {G. Hirsch},
}

@article {morava,
    AUTHOR = {Morava, Jack},
     TITLE = {Forms of {$K$}-theory},
   JOURNAL = {Math. Z.},
  FJOURNAL = {Mathematische Zeitschrift},
    VOLUME = {201},
      YEAR = {1989},
    NUMBER = {3},
     PAGES = {401--428},
      ISSN = {0025-5874},
     CODEN = {MAZEAX},
   MRCLASS = {55N22 (11S31)},
  MRNUMBER = {999737 (90e:55011)},
MRREVIEWER = {P. S. Landweber},
       DOI = {10.1007/BF01214905},
       URL = {http://dx.doi.org/10.1007/BF01214905},
}

@unpublished {pearson,
    AUTHOR = {Pearson, Paul},
     TITLE = {Calculating formal group laws},
      NOTE = {unpublished notes, available at \href{http://www.math.rochester.edu/people/faculty/pearson/papers/fgls-2up.pdf}{http://www.math.rochester.edu/people/faculty/pearson/papers/fgls-2up.pdf}},
}

@article {quillenfgl,
    AUTHOR = {Quillen, Daniel},
     TITLE = {On the formal group laws of unoriented and complex cobordism
              theory},
   JOURNAL = {Bull. Amer. Math. Soc.},
  FJOURNAL = {Bulletin of the American Mathematical Society},
    VOLUME = {75},
      YEAR = {1969},
     PAGES = {1293--1298},
      ISSN = {0002-9904},
   MRCLASS = {57.10},
  MRNUMBER = {0253350 (40 \#6565)},
MRREVIEWER = {R. E. Stong},
}

@article {quillenmu,
    AUTHOR = {Quillen, Daniel},
     TITLE = {Elementary proofs of some results of cobordism theory using
              {S}teenrod operations},
   JOURNAL = {Advances in Math.},
  FJOURNAL = {Advances in Mathematics},
    VOLUME = {7},
      YEAR = {1971},
     PAGES = {29--56 (1971)},
      ISSN = {0001-8708},
   MRCLASS = {57.10},
  MRNUMBER = {0290382 (44 \#7566)},
MRREVIEWER = {T. tom Dieck},
}

@book {orange,
    AUTHOR = {Ravenel, Douglas C.},
     TITLE = {Nilpotence and periodicity in stable homotopy theory},
    SERIES = {Annals of Mathematics Studies},
    VOLUME = {128},
      NOTE = {Appendix C by Jeff Smith},
 PUBLISHER = {Princeton University Press},
   ADDRESS = {Princeton, NJ},
      YEAR = {1992},
     PAGES = {xiv+209},
      ISBN = {0-691-02572-X},
   MRCLASS = {55P42 (55N22 55Q10 57R77)},
  MRNUMBER = {1192553 (94b:55015)},
MRREVIEWER = {N. J. Kuhn},
}

@article {mc1,
    AUTHOR = {Rezk, Charles},
     TITLE = {Modular isogeny complexes},
   JOURNAL = {Algebr. Geom. Topol.},
  FJOURNAL = {Algebraic \& Geometric Topology},
    VOLUME = {12},
      YEAR = {2012},
    NUMBER = {3},
     PAGES = {1373--1403},
      ISSN = {1472-2747},
   MRCLASS = {19Exx (14Fxx 55Nxx)},
  MRNUMBER = {2966690},
       DOI = {10.2140/agt.2012.12.1373},
       URL = {http://dx.doi.org/10.2140/agt.2012.12.1373},
}

@unpublished {h2p2,
    AUTHOR = {Rezk, Charles},
     TITLE = {Power operations for {M}orava ${E}$-theory of height 2 at the prime 2},
      NOTE = {preprint, available at \href{http://arxiv.org/abs/0812.1320}{arXiv:0812.1320}},
}

@article {cong,
    AUTHOR = {Rezk, Charles},
     TITLE = {The congruence criterion for power operations in {M}orava
              {$E$}-theory},
   JOURNAL = {Homology, Homotopy Appl.},
  FJOURNAL = {Homology, Homotopy and Applications},
    VOLUME = {11},
      YEAR = {2009},
    NUMBER = {2},
     PAGES = {327--379},
      ISSN = {1532-0073},
   MRCLASS = {55S25 (14L05 55S12)},
  MRNUMBER = {2591924 (2011e:55021)},
MRREVIEWER = {Mark Hovey},
       URL = {http://projecteuclid.org/getRecord?id=euclid.hha/1296138524},
}

@article {serre,
    AUTHOR = {Serre, Jean-Pierre},
     TITLE = {Cohomologie modulo {$2$} des complexes
              d'{E}ilenberg-{M}ac{L}ane},
   JOURNAL = {Comment. Math. Helv.},
  FJOURNAL = {Commentarii Mathematici Helvetici},
    VOLUME = {27},
      YEAR = {1953},
     PAGES = {198--232},
      ISSN = {0010-2571},
   MRCLASS = {56.0X},
  MRNUMBER = {0060234 (15,643c)},
MRREVIEWER = {W. S. Massey},
}

@article {steenrodwhitehead,
    AUTHOR = {Steenrod, N. E. and Whitehead, J. H. C.},
     TITLE = {Vector fields on the {$n$}-sphere},
   JOURNAL = {Proc. Nat. Acad. Sci. U. S. A.},
  FJOURNAL = {Proceedings of the National Academy of Sciences of the United
              States of America},
    VOLUME = {37},
      YEAR = {1951},
     PAGES = {58--63},
      ISSN = {0027-8424},
   MRCLASS = {56.0X},
  MRNUMBER = {0041436 (12,847c)},
MRREVIEWER = {H. Cartan},
}

@book {steenrod,
    AUTHOR = {Steenrod, N. E.},
     TITLE = {Cohomology operations},
    SERIES = {Lectures by N. E. Steenrod written and revised by D. B. A.
              Epstein. Annals of Mathematics Studies, No. 50},
 PUBLISHER = {Princeton University Press},
   ADDRESS = {Princeton, N.J.},
      YEAR = {1962},
     PAGES = {vii+139},
   MRCLASS = {55.34},
  MRNUMBER = {0145525 (26 \#3056)},
MRREVIEWER = {S.-T. Hu},
}

@article {Str98,
    AUTHOR = {Strickland, N. P.},
     TITLE = {Morava {$E$}-theory of symmetric groups},
   JOURNAL = {Topology},
  FJOURNAL = {Topology. An International Journal of Mathematics},
    VOLUME = {37},
      YEAR = {1998},
    NUMBER = {4},
     PAGES = {757--779},
      ISSN = {0040-9383},
     CODEN = {TPLGAF},
   MRCLASS = {55N22 (55P42 55R40)},
  MRNUMBER = {1607736 (99e:55008)},
MRREVIEWER = {John Hunton},
       DOI = {10.1016/S0040-9383(97)00054-2},
       URL = {http://dx.doi.org/10.1016/S0040-9383(97)00054-2},
}


@article {staceywhitehouse,
    AUTHOR = {Stacey, Andrew and Whitehouse, Sarah},
     TITLE = {The hunting of the {H}opf ring},
   JOURNAL = {Homology, Homotopy Appl.},
  FJOURNAL = {Homology, Homotopy and Applications},
    VOLUME = {11},
      YEAR = {2009},
    NUMBER = {2},
     PAGES = {75--132},
      ISSN = {1532-0073},
   MRCLASS = {55S25 (16T05 55N20)},
  MRNUMBER = {2559638 (2011d:55034)},
MRREVIEWER = {Andrew J. Baker},
       URL = {http://projecteuclid.org/getRecord?id=euclid.hha/1251832594},
}

@article {tomdieck,
    AUTHOR = {tom Dieck, Tammo},
     TITLE = {Steenrod-{O}perationen in {K}obordismen-{T}heorien},
   JOURNAL = {Math. Z.},
  FJOURNAL = {Mathematische Zeitschrift},
    VOLUME = {107},
      YEAR = {1968},
     PAGES = {380--401},
      ISSN = {0025-5874},
   MRCLASS = {55.34 (57.00)},
  MRNUMBER = {0244989 (39 \#6302)},
MRREVIEWER = {C. M. Naylor},
}

@article {V,
    AUTHOR = {Voevodsky, Vladimir},
     TITLE = {Reduced power operations in motivic cohomology},
   JOURNAL = {Publ. Math. Inst. Hautes \'Etudes Sci.},
  FJOURNAL = {Publications Math\'ematiques. Institut de Hautes \'Etudes
              Scientifiques},
    NUMBER = {98},
      YEAR = {2003},
     PAGES = {1--57},
      ISSN = {0073-8301},
   MRCLASS = {14F42 (12G05 19D45 19E15)},
  MRNUMBER = {2031198 (2005b:14038a)},
MRREVIEWER = {Eric M. Friedlander},
       DOI = {10.1007/s10240-003-0009-z},
       URL = {http://dx.doi.org/10.1007/s10240-003-0009-z},
}

@article {wilkerson,
    AUTHOR = {Wilkerson, Clarence},
     TITLE = {Lambda-rings, binomial domains, and vector bundles over {${\bf
              C}P(\infty )$}},
   JOURNAL = {Comm. Algebra},
  FJOURNAL = {Communications in Algebra},
    VOLUME = {10},
      YEAR = {1982},
    NUMBER = {3},
     PAGES = {311--328},
      ISSN = {0092-7872},
     CODEN = {COALDM},
   MRCLASS = {55N15 (13B99)},
  MRNUMBER = {651605 (83f:55003)},
MRREVIEWER = {J. F. Adams},
       DOI = {10.1080/00927878208822717},
       URL = {http://dx.doi.org/10.1080/00927878208822717},
}

@unpublished {p3,
    AUTHOR = {Zhu, Yifei},
     TITLE = {The power operation structure on {M}orava ${E}$-theory of height 2 at the prime 3},
      NOTE = {to appear in Algebraic and Geometric Topology, preprint available at \href{http://arxiv.org/abs/1210.3730}{arXiv:1210.3730}},
}
