@Preamble{"\def\cprime{$'$} "}

@Misc{ coctalos,
	author = "Mike Hopkins",
	title = "Complex oriented cohomology theories and the language of stacks",
	note = "available at \href{http://www.math.rochester.edu/people/faculty/doug/otherpapers/coctalos.pdf}{http://www.math.rochester.edu/people/faculty/doug/otherpapers/coctalos.pdf}"
}

@Misc{ 252x,
	author = "Jacob Lurie",
	title = "Chromatic homotopy theory",
	note = "available at \href{http://www.math.harvard.edu/~lurie/252x.html}{http://www.math.harvard.edu/\textasciitilde lurie/252x.html}"
}

@Misc{ slides,
	author = "Charles Rezk",
	title = "Power operations in {M}orava ${E}$-theory: a survey",
	note = "available at \href{http://www.math.uiuc.edu/~rezk/midwest-2009-power-ops-handout.pdf}{http://www.math.uiuc.edu/\textasciitilde rezk/midwest-2009-power-ops-handout.pdf}"
}

@Misc{ lpo,
	author = "Charles Rezk",
	title = "Lectures on power operations",
	note = "available at \href{http://www.math.uiuc.edu/~rezk/power-operation-lectures.dvi}{http://www.math.uiuc.edu/\textasciitilde rezk/power-operation-lectures.dvi}"
}

@Misc{ h2p2,
	author = "Charles Rezk",
	title = "Power operations for {M}orava ${E}$-theory of height 2 at the prime 2",
	note = "arXiv:0812.1320"
}

@Misc{ level3,
	author = "Tyler Lawson and Niko Naumann",
	title = "Topological modular forms of level 3 and ${E}_\infty$-structures on truncated {B}rown-{P}eterson spectra",
	note = "arXiv:1101.3897"
}

@Misc{ k1,
	author = "M. J. Hopkins",
	title = "K(1)-local ${E}_\infty$ ring spectra",
	note = "available at \href{http://www.math.rochester.edu/people/faculty/doug/otherpapers/knlocal.pdf}{http://www.math.rochester.edu/people/faculty/doug/otherpapers/knlocal.pdf}"
}

@Book{ sh,
	AUTHOR = "J. F. Adams",
	TITLE = "Stable homotopy and generalised homology",
	NOTE = "Chicago Lectures in Mathematics",
	PUBLISHER = "University of Chicago Press",
	ADDRESS = "Chicago, Ill.",
	YEAR = "1974",
	PAGES = "x+373",
	MRCLASS = "55B20 (55E10)",
	MRNUMBER = "0402720 (53 \#6534)",
	MRREVIEWER = "P. S. Landweber"
}

@Article{ Andu,
	AUTHOR = "Matthew Ando",
	TITLE = "Isogenies of formal group laws and power operations in the cohomology theories {$E\sb n$}",
	JOURNAL = "Duke Math. J.",
	FJOURNAL = "Duke Mathematical Journal",
	VOLUME = "79",
	YEAR = "1995",
	NUMBER = "2",
	PAGES = "423--485",
	ISSN = "0012-7094",
	CODEN = "DUMJAO",
	MRCLASS = "55N22 (14L05)",
	MRNUMBER = "1344767 (97a:55006)",
	MRREVIEWER = "P. S. Landweber",
	DOI = "10.1215/S0012-7094-95-07911-3",
	URL = "http://dx.doi.org/10.1215/S0012-7094-95-07911-3"
}

@Book{ borceux,
	AUTHOR = "Francis Borceux",
	TITLE = "Handbook of categorical algebra. 2",
	SERIES = "Encyclopedia of Mathematics and its Applications",
	VOLUME = "51",
	NOTE = "Categories and structures",
	PUBLISHER = "Cambridge University Press",
	ADDRESS = "Cambridge",
	YEAR = "1994",
	PAGES = "xviii+443",
	ISBN = "0-521-44179-X",
	MRCLASS = "18-02 (18Exx)",
	MRNUMBER = "1313497 (96g:18001b)",
	MRREVIEWER = "Martin Hyland"
}

@Article{ bousfield,
	AUTHOR = "A. K. Bousfield",
	TITLE = "The localization of spectra with respect to homology",
	JOURNAL = "Topology",
	FJOURNAL = "Topology. An International Journal of Mathematics",
	VOLUME = "18",
	YEAR = "1979",
	NUMBER = "4",
	PAGES = "257--281",
	ISSN = "0040-9383",
	CODEN = "TPLGAF",
	MRCLASS = "55N20 (55N15 55P60)",
	MRNUMBER = "551009 (80m:55006)",
	MRREVIEWER = "Willi Meier",
	DOI = "10.1016/0040-9383(79)90018-1",
	URL = "http://dx.doi.org/10.1016/0040-9383(79)90018-1"
}

@Book{ BMSS,
	AUTHOR = "R. R. Bruner and J. P. May and J. E. McClure and M. Steinberger",
	TITLE = "{$H\sb \infty $} ring spectra and their applications",
	SERIES = "Lecture Notes in Mathematics",
	VOLUME = "1176",
	PUBLISHER = "Springer-Verlag",
	ADDRESS = "Berlin",
	YEAR = "1986",
	PAGES = "viii+388",
	ISBN = "3-540-16434-0",
	MRCLASS = "55-02 (55P42 55Sxx)",
	MRNUMBER = "836132 (88e:55001)",
	MRREVIEWER = "Haynes R. Miller"
}

@Article{ cartan,
	AUTHOR = "Henri Cartan",
	TITLE = "Sur les groupes d'{E}ilenberg-{M}ac {L}ane. {II}",
	JOURNAL = "Proc. Nat. Acad. Sci. U. S. A.",
	FJOURNAL = "Proceedings of the National Academy of Sciences of the United States of America",
	VOLUME = "40",
	YEAR = "1954",
	PAGES = "704--707",
	ISSN = "0027-8424",
	MRCLASS = "56.0X",
	MRNUMBER = "0065161 (16,390b)",
	MRREVIEWER = "P. J. Hilton"
}

@Book{ EKMM,
	AUTHOR = "A. D. Elmendorf and I. Kriz and M. A. Mandell and J. P. May",
	TITLE = "Rings, modules, and algebras in stable homotopy theory",
	SERIES = "Mathematical Surveys and Monographs",
	VOLUME = "47",
	NOTE = "With an appendix by M. Cole",
	PUBLISHER = "American Mathematical Society",
	ADDRESS = "Providence, RI",
	YEAR = "1997",
	PAGES = "xii+249",
	ISBN = "0-8218-0638-6",
	MRCLASS = "55N20 (19D10 19D55 55P42 55T25)",
	MRNUMBER = "1417719 (97h:55006)",
	MRREVIEWER = "Donald M. Davis"
}

@Book{ fg,
	AUTHOR = {A. Fr{\"o}hlich},
	TITLE = "Formal groups",
	SERIES = "Lecture Notes in Mathematics, No. 74",
	PUBLISHER = "Springer-Verlag",
	ADDRESS = "Berlin",
	YEAR = "1968",
	PAGES = "iii+140",
	MRCLASS = "14.50",
	MRNUMBER = "0242837 (39 \#4164)",
	MRREVIEWER = "M. Miyanishi"
}

@InCollection{ GH,
	AUTHOR = "P. G. Goerss and M. J. Hopkins",
	TITLE = "Moduli spaces of commutative ring spectra",
	BOOKTITLE = "Structured ring spectra",
	SERIES = "London Math. Soc. Lecture Note Ser.",
	VOLUME = "315",
	PAGES = "151--200",
	PUBLISHER = "Cambridge Univ. Press",
	ADDRESS = "Cambridge",
	YEAR = "2004",
	MRCLASS = "55P43",
	MRNUMBER = "2125040 (2006b:55010)",
	MRREVIEWER = "Birgit Richter",
	DOI = "10.1017/CBO9780511529955.009",
	URL = "http://dx.doi.org/10.1017/CBO9780511529955.009"
}

@Article{ hoveystrickland,
	AUTHOR = "Mark Hovey and Neil P. Strickland",
	TITLE = "Morava {$K$}-theories and localisation",
	JOURNAL = "Mem. Amer. Math. Soc.",
	FJOURNAL = "Memoirs of the American Mathematical Society",
	VOLUME = "139",
	YEAR = "1999",
	NUMBER = "666",
	PAGES = "viii+100",
	ISSN = "0065-9266",
	CODEN = "MAMCAU",
	MRCLASS = "55P60 (55N22 55P42 55T15)",
	MRNUMBER = "1601906 (99b:55017)",
	MRREVIEWER = "J. P. C. Greenlees"
}

@Article{ hovey,
	AUTHOR = "Mark Hovey",
	TITLE = "Morava {$E$}-theory of filtered colimits",
	JOURNAL = "Trans. Amer. Math. Soc.",
	FJOURNAL = "Transactions of the American Mathematical Society",
	VOLUME = "360",
	YEAR = "2008",
	NUMBER = "1",
	PAGES = "369--382 (electronic)",
	ISSN = "0002-9947",
	CODEN = "TAMTAM",
	MRCLASS = "55N22 (55P42 55T25)",
	MRNUMBER = "2342007 (2008g:55007)",
	MRREVIEWER = "Donald M. Davis",
	DOI = "10.1090/S0002-9947-07-04298-5",
	URL = "http://dx.doi.org/10.1090/S0002-9947-07-04298-5"
}

@InCollection{ katz,
	AUTHOR = "N. Katz",
	TITLE = "Serre-{T}ate local moduli",
	BOOKTITLE = "Algebraic surfaces ({O}rsay, 1976--78)",
	SERIES = "Lecture Notes in Math.",
	VOLUME = "868",
	PAGES = "138--202",
	PUBLISHER = "Springer",
	ADDRESS = "Berlin",
	YEAR = "1981",
	MRCLASS = "14K10",
	MRNUMBER = "638600 (83k:14039b)",
	MRREVIEWER = "William E. Lang"
}

@Book{ katzmazur,
	AUTHOR = "Nicholas M. Katz and Barry Mazur",
	TITLE = "Arithmetic moduli of elliptic curves",
	SERIES = "Annals of Mathematics Studies",
	VOLUME = "108",
	PUBLISHER = "Princeton University Press",
	ADDRESS = "Princeton, NJ",
	YEAR = "1985",
	PAGES = "xiv+514",
	ISBN = "0-691-08349-5; 0-691-08352-5",
	MRCLASS = "11G05 (11F11 14G25 14K15)",
	MRNUMBER = "772569 (86i:11024)",
	MRREVIEWER = "Kenneth A. Ribet"
}

@InCollection{ tafoverview,
	AUTHOR = "Tyler Lawson",
	TITLE = "An overview of abelian varieties in homotopy theory",
	BOOKTITLE = "New topological contexts for {G}alois theory and algebraic geometry ({BIRS} 2008)",
	SERIES = "Geom. Topol. Monogr.",
	VOLUME = "16",
	PAGES = "179--214",
	PUBLISHER = "Geom. Topol. Publ., Coventry",
	YEAR = "2009",
	MRCLASS = "55N20 (55N15 55N34 55P43)",
	MRNUMBER = "2544390 (2010i:55006)",
	MRREVIEWER = "Michael A. Hill",
	DOI = "10.2140/gtm.2009.16.179",
	URL = "http://dx.doi.org/10.2140/gtm.2009.16.179"
}

@Article{ lawvere,
	AUTHOR = "F. William Lawvere",
	TITLE = "Functorial semantics of algebraic theories",
	JOURNAL = "Proc. Nat. Acad. Sci. U.S.A.",
	FJOURNAL = "Proceedings of the National Academy of Sciences of the United States of America",
	VOLUME = "50",
	YEAR = "1963",
	PAGES = "869--872",
	ISSN = "0027-8424",
	MRCLASS = "18.10",
	MRNUMBER = "0158921 (28 \#2143)",
	MRREVIEWER = "M. Artin"
}

@Article{ lubintate,
	AUTHOR = "Jonathan Lubin and John Tate",
	TITLE = "Formal moduli for one-parameter formal {L}ie groups",
	JOURNAL = "Bull. Soc. Math. France",
	FJOURNAL = "Bulletin de la Soci{\'e}t{\'e} Math{\'e}matique de France",
	VOLUME = "94",
	YEAR = "1966",
	PAGES = "49--59",
	ISSN = "0037-9484",
	MRCLASS = "14.50",
	MRNUMBER = "0238854 (39 \#214)",
	MRREVIEWER = "J. Dieudonn{\'e}"
}

@Article{ lubin,
	AUTHOR = "Jonathan Lubin",
	TITLE = "Finite subgroups and isogenies of one-parameter formal {L}ie groups",
	JOURNAL = "Ann. of Math. (2)",
	FJOURNAL = "Annals of Mathematics. Second Series",
	VOLUME = "85",
	YEAR = "1967",
	PAGES = "296--302",
	ISSN = "0003-486X",
	MRCLASS = "14.50",
	MRNUMBER = "0209287 (35 \#189)",
	MRREVIEWER = "J. Dieudonn{\'e}"
}

@InCollection{ survey,
	AUTHOR = "J. Lurie",
	TITLE = "A survey of elliptic cohomology",
	BOOKTITLE = "Algebraic topology",
	SERIES = "Abel Symp.",
	VOLUME = "4",
	PAGES = "219--277",
	PUBLISHER = "Springer",
	ADDRESS = "Berlin",
	YEAR = "2009",
	MRCLASS = "55N34 (55P43)",
	MRNUMBER = "2597740",
	MRREVIEWER = "Tyler D. Lawson",
	DOI = "10.1007/978-3-642-01200-6\_9",
	URL = "http://dx.doi.org/10.1007/978-3-642-01200-6_9"
}

@Article{ tmf3,
	AUTHOR = "Mark Mahowald and Charles Rezk",
	TITLE = "Topological modular forms of level 3",
	JOURNAL = "Pure Appl. Math. Q.",
	FJOURNAL = "Pure and Applied Mathematics Quarterly",
	VOLUME = "5",
	YEAR = "2009",
	NUMBER = "2, Special Issue: In honor of Friedrich Hirzebruch. Part 1",
	PAGES = "853--872",
	ISSN = "1558-8599",
	MRCLASS = "55N34 (11F23 55P42)",
	MRNUMBER = "2508904 (2010g:55010)",
	MRREVIEWER = "Tyler D. Lawson"
}

@Article{ massey,
	AUTHOR = "W. S. Massey",
	TITLE = "Cross products of vectors in higher-dimensional {E}uclidean spaces",
	JOURNAL = "Amer. Math. Monthly",
	FJOURNAL = "The American Mathematical Monthly",
	VOLUME = "90",
	YEAR = "1983",
	NUMBER = "10",
	PAGES = "697--701",
	ISSN = "0002-9890",
	CODEN = "AMMYAE",
	MRCLASS = "15A72 (51N20)",
	MRNUMBER = "723943 (85b:15038)",
	MRREVIEWER = "B. Reichstein",
	DOI = "10.2307/2323537",
	URL = "http://dx.doi.org/10.2307/2323537"
}

@Book{ moshertangora,
	AUTHOR = "Robert E. Mosher and Martin C. Tangora",
	TITLE = "Cohomology operations and applications in homotopy theory",
	PUBLISHER = "Harper \& Row Publishers",
	ADDRESS = "New York",
	YEAR = "1968",
	PAGES = "x+214",
	MRCLASS = "55.40",
	MRNUMBER = "0226634 (37 \#2223)",
	MRREVIEWER = "Larry Smith"
}

@Book{ green,
	AUTHOR = "Douglas C. Ravenel",
	TITLE = "Complex cobordism and stable homotopy groups of spheres",
	SERIES = "Pure and Applied Mathematics",
	VOLUME = "121",
	PUBLISHER = "Academic Press Inc.",
	ADDRESS = "Orlando, FL",
	YEAR = "1986",
	PAGES = "xx+413",
	ISBN = "0-12-583430-6; 0-12-583431-4",
	MRCLASS = "55-02 (55Qxx 57-02)",
	MRNUMBER = "860042 (87j:55003)",
	MRREVIEWER = "Joseph Neisendorfer"
}

@Book{ orange,
	AUTHOR = "Douglas C. Ravenel",
	TITLE = "Nilpotence and periodicity in stable homotopy theory",
	SERIES = "Annals of Mathematics Studies",
	VOLUME = "128",
	NOTE = "Appendix C by Jeff Smith",
	PUBLISHER = "Princeton University Press",
	ADDRESS = "Princeton, NJ",
	YEAR = "1992",
	PAGES = "xiv+209",
	ISBN = "0-691-02572-X",
	MRCLASS = "55P42 (55N22 55Q10 57R77)",
	MRNUMBER = "1192553 (94b:55015)",
	MRREVIEWER = "N. J. Kuhn"
}

@InCollection{ H-Mthm,
	AUTHOR = "Charles Rezk",
	TITLE = "Notes on the {H}opkins-{M}iller theorem",
	BOOKTITLE = "Homotopy theory via algebraic geometry and group representations ({E}vanston, {IL}, 1997)",
	SERIES = "Contemp. Math.",
	VOLUME = "220",
	PAGES = "313--366",
	PUBLISHER = "Amer. Math. Soc.",
	ADDRESS = "Providence, RI",
	YEAR = "1998",
	MRCLASS = "55N22 (55S99)",
	MRNUMBER = "1642902 (2000i:55023)"
}

@Article{ cong,
	AUTHOR = "Charles Rezk",
	TITLE = "The congruence criterion for power operations in {M}orava {$E$}-theory",
	JOURNAL = "Homology, Homotopy Appl.",
	FJOURNAL = "Homology, Homotopy and Applications",
	VOLUME = "11",
	YEAR = "2009",
	NUMBER = "2",
	PAGES = "327--379",
	ISSN = "1532-0073",
	MRCLASS = "55S25 (14L05 55S12)",
	MRNUMBER = "2591924 (2011e:55021)",
	MRREVIEWER = "Mark Hovey"
}

@Article{ serre,
	AUTHOR = "Jean-Pierre Serre",
	TITLE = "Cohomologie modulo {$2$} des complexes d'{E}ilenberg-{M}ac{L}ane",
	JOURNAL = "Comment. Math. Helv.",
	FJOURNAL = "Commentarii Mathematici Helvetici",
	VOLUME = "27",
	YEAR = "1953",
	PAGES = "198--232",
	ISSN = "0010-2571",
	MRCLASS = "56.0X",
	MRNUMBER = "0060234 (15,643c)",
	MRREVIEWER = "W. S. Massey"
}

@Book{ AEC,
	AUTHOR = "Joseph H. Silverman",
	TITLE = "The arithmetic of elliptic curves",
	SERIES = "Graduate Texts in Mathematics",
	VOLUME = "106",
	EDITION = "Second",
	PUBLISHER = "Springer",
	ADDRESS = "Dordrecht",
	YEAR = "2009",
	PAGES = "xx+513",
	ISBN = "978-0-387-09493-9",
	MRCLASS = "11-02 (11G05 11G20 14H52 14K15)",
	MRNUMBER = "2514094 (2010i:11005)",
	MRREVIEWER = "Vasil{\cprime} {\=I}. Andr{\={\i}}{\u\i}chuk",
	DOI = "10.1007/978-0-387-09494-6",
	URL = "http://dx.doi.org/10.1007/978-0-387-09494-6"
}

@Book{ steenrod,
	AUTHOR = "N. E. Steenrod",
	TITLE = "Cohomology operations",
	SERIES = "Lectures by N. E. STeenrod written and revised by D. B. A. Epstein. Annals of Mathematics Studies, No. 50",
	PUBLISHER = "Princeton University Press",
	ADDRESS = "Princeton, N.J.",
	YEAR = "1962",
	PAGES = "vii+139",
	MRCLASS = "55.34",
	MRNUMBER = "0145525 (26 \#3056)",
	MRREVIEWER = "S.-T. Hu"
}

@Article{ strick,
	AUTHOR = "Neil P. Strickland",
	TITLE = "Finite subgroups of formal groups",
	JOURNAL = "J. Pure Appl. Algebra",
	FJOURNAL = "Journal of Pure and Applied Algebra",
	VOLUME = "121",
	YEAR = "1997",
	NUMBER = "2",
	PAGES = "161--208",
	ISSN = "0022-4049",
	CODEN = "JPAAA2",
	MRCLASS = "14L05 (55N22)",
	MRNUMBER = "1473889 (98k:14065)",
	MRREVIEWER = "Antoine Chambert-Loir",
	DOI = "10.1016/S0022-4049(96)00113-2",
	URL = "http://dx.doi.org/10.1016/S0022-4049(96)00113-2"
}

@Article{ strickland,
	AUTHOR = "N. P. Strickland",
	TITLE = "Morava {$E$}-theory of symmetric groups",
	JOURNAL = "Topology",
	FJOURNAL = "Topology. An International Journal of Mathematics",
	VOLUME = "37",
	YEAR = "1998",
	NUMBER = "4",
	PAGES = "757--779",
	ISSN = "0040-9383",
	CODEN = "TPLGAF",
	MRCLASS = "55N22 (55P42 55R40)",
	MRNUMBER = "1607736 (99e:55008)",
	MRREVIEWER = "John Hunton",
	DOI = "10.1016/S0040-9383(97)00054-2",
	URL = "http://dx.doi.org/10.1016/S0040-9383(97)00054-2"
}

@InCollection{ tate,
	AUTHOR = "J. T. Tate",
	TITLE = "p-{D}ivisible groups",
	BOOKTITLE = "Proc. {C}onf. {L}ocal {F}ields ({D}riebergen, 1966)",
	PAGES = "158--183",
	PUBLISHER = "Springer",
	ADDRESS = "Berlin",
	YEAR = "1967",
	MRCLASS = "14.50",
	MRNUMBER = "0231827 (38 \#155)",
	MRREVIEWER = "M. Miyanishi"
}

@Article{ tateoort,
	AUTHOR = "John Tate and Frans Oort",
	TITLE = "Group schemes of prime order",
	JOURNAL = "Ann. Sci. {\'E}cole Norm. Sup. (4)",
	FJOURNAL = "Annales Scientifiques de l'{\'E}cole Normale Sup{\'e}rieure. Quatri{\`e}me S{\'e}rie",
	VOLUME = "3",
	YEAR = "1970",
	PAGES = "1--21",
	ISSN = "0012-9593",
	MRCLASS = "14.50",
	MRNUMBER = "0265368 (42 \#278)",
	MRREVIEWER = "J. S. Milne"
}

@Article{ wilkerson,
	AUTHOR = "Clarence Wilkerson",
	TITLE = "Lambda-rings, binomial domains, and vector bundles over {${\bf C}P(\infty )$}",
	JOURNAL = "Comm. Algebra",
	FJOURNAL = "Communications in Algebra",
	VOLUME = "10",
	YEAR = "1982",
	NUMBER = "3",
	PAGES = "311--328",
	ISSN = "0092-7872",
	CODEN = "COALDM",
	MRCLASS = "55N15 (13B99)",
	MRNUMBER = "651605 (83f:55003)",
	MRREVIEWER = "J. F. Adams",
	DOI = "10.1080/00927878208822717",
	URL = "http://dx.doi.org/10.1080/00927878208822717"
}

